Recivin messages
[{'ev': 'status', 'message': 'Connected Successfully', 'status': 'connected'}]
Recivin messages
[{'ev': 'status', 'message': 'authenticated', 'status': 'auth_success'}]
Recivin messages
[{'ev': 'status',
  'message': 'subscribed to: XL2.DOGE-USD',
  'status': 'success'}]
Recivin messages
[{'a': [[0.2099, 9011.9],
        [0.21, 181799.9],
        [0.2101, 165317.9],
        [0.2102, 209030.8],
        [0.2103, 231688.9],
        [0.2104, 137008.3],
        [0.2105, 156687.2],
        [0.2106, 15275.8],
        [0.2107, 52587.2],
        [0.2108, 73552.5],
        [0.2109, 217.5],
        [0.211, 87931.3],
        [0.2111, 818739.8],
        [0.2112, 61122.5],
        [0.2113, 11977.7],
        [0.2114, 340033.7],
        [0.2115, 13832.4],
        [0.2116, 28543.4],
        [0.2117, 160.7],
        [0.2118, 5],
        [0.2119, 24106.1],
        [0.212, 30959.1],
        [0.2121, 74120.2],
        [0.2122, 5],
        [0.2123, 39950.1],
        [0.2124, 106.4],
        [0.2125, 25006],
        [0.2126, 27947],
        [0.2127, 314.6],
        [0.2128, 48268.1],
        [0.2129, 13080.9],
        [0.213, 672.3],
        [0.2131, 250],
        [0.2132, 105],
        [0.2133, 14096],
        [0.2134, 380.7],
        [0.2135, 3837.7],
        [0.2136, 108.1],
        [0.2137, 2609.8],
        [0.2138, 653.5],
        [0.2139, 366.1],
        [0.214, 15893.6],
        [0.2141, 100006],
        [0.2142, 2233.8],
        [0.2143, 82.8],
        [0.2144, 6334.7],
        [0.2145, 112.8],
        [0.2146, 148],
        [0.2147, 311.7],
        [0.2148, 707.4],
        [0.2149, 71897.1],
        [0.215, 551959.5],
        [0.2151, 100031.2],
        [0.2152, 303.4],
        [0.2153, 14304],
        [0.2154, 30680.7],
        [0.2155, 12965.6],
        [0.2156, 12157.3],
        [0.2157, 669.9],
        [0.2158, 3560.8],
        [0.2159, 15097.6],
        [0.216, 165.3],
        [0.2161, 479.8],
        [0.2162, 627.6],
        [0.2163, 105],
        [0.2164, 285.4],
        [0.2165, 26192.6],
        [0.2166, 98286.5],
        [0.2167, 308.8],
        [0.2168, 4851.9],
        [0.2169, 1174.6],
        [0.217, 144330.4],
        [0.2171, 14617.3],
        [0.2172, 378],
        [0.2173, 3685],
        [0.2174, 480.6],
        [0.2175, 4080.5],
        [0.2176, 78.5],
        [0.2177, 4724.4],
        [0.2178, 13553.3],
        [0.2179, 426.3],
        [0.218, 239164.7],
        [0.2181, 90.7],
        [0.2182, 16416.4],
        [0.2183, 438.2],
        [0.2184, 392.1],
        [0.2185, 2588.3],
        [0.2186, 144.9],
        [0.2187, 1585.4],
        [0.2188, 4100.6],
        [0.2189, 99156.7],
        [0.219, 698773.3],
        [0.2191, 631558.1],
        [0.2192, 2540.7],
        [0.2193, 45],
        [0.2194, 2345],
        [0.2195, 1066.4],
        [0.2196, 480.4],
        [0.2197, 1308],
        [0.2198, 4264.4]],
  'b': [[0.2098, 72880.7],
        [0.2097, 122785.2],
        [0.2096, 300795.7],
        [0.2095, 234032.8],
        [0.2094, 324122],
        [0.2093, 98008.6],
        [0.2092, 87969.3],
        [0.2091, 159481.9],
        [0.209, 56361.4],
        [0.2089, 30608.4],
        [0.2088, 583172.2],
        [0.2087, 340.5],
        [0.2086, 259925.2],
        [0.2085, 27235.7],
        [0.2084, 10444.8],
        [0.2083, 558.6],
        [0.2082, 28930.2],
        [0.2081, 12012.8],
        [0.208, 511137.5],
        [0.2079, 1341297.8],
        [0.2078, 103339.8],
        [0.2077, 37168.4],
        [0.2076, 2268.7],
        [0.2075, 367975.4],
        [0.2074, 124.9],
        [0.2073, 36393.2],
        [0.2072, 2156.4],
        [0.2071, 16985],
        [0.207, 212681.7],
        [0.2069, 69392.6],
        [0.2068, 5871.8],
        [0.2067, 1269.3],
        [0.2066, 3872.2],
        [0.2065, 7525.2],
        [0.2064, 34.5],
        [0.2063, 12462.6],
        [0.2062, 507.7],
        [0.2061, 4081.4],
        [0.206, 184263.4],
        [0.2059, 32391],
        [0.2058, 108515.4],
        [0.2057, 15189],
        [0.2056, 1180.2],
        [0.2055, 50657.2],
        [0.2054, 1548.1],
        [0.2053, 470.6],
        [0.2052, 15386.4],
        [0.2051, 52857.5],
        [0.205, 225542.4],
        [0.2049, 24778.4],
        [0.2048, 7006.1],
        [0.2047, 4010.7],
        [0.2046, 5420.8],
        [0.2045, 2735.1],
        [0.2044, 1744],
        [0.2043, 1915.9],
        [0.2042, 10324.5],
        [0.2041, 575.5],
        [0.204, 1675],
        [0.2039, 1694.1],
        [0.2038, 259928.3],
        [0.2037, 480.7],
        [0.2036, 2646.6],
        [0.2035, 26593.8],
        [0.2034, 2245],
        [0.2033, 69553.7],
        [0.2032, 1805.6],
        [0.2031, 2000],
        [0.203, 1662.9],
        [0.2029, 233.9],
        [0.2028, 100.3],
        [0.2027, 199.3],
        [0.2026, 320.3],
        [0.2025, 676.7],
        [0.2023, 229.2],
        [0.2022, 1392.6],
        [0.2021, 226.2],
        [0.202, 19506.3],
        [0.2019, 347.3],
        [0.2018, 1697.6],
        [0.2017, 350.1],
        [0.2016, 9933.7],
        [0.2015, 5545.8],
        [0.2014, 328.1],
        [0.2013, 150.2],
        [0.2012, 1015.8],
        [0.2011, 4750],
        [0.201, 23877.5],
        [0.2009, 65.5],
        [0.2008, 20503.2],
        [0.2007, 561.1],
        [0.2006, 70.1],
        [0.2005, 1997.7],
        [0.2004, 1621.3],
        [0.2003, 47151],
        [0.2002, 50248.2],
        [0.2001, 881.4],
        [0.2, 1671399.5],
        [0.1999, 26062.8],
        [0.1998, 257.4]],
  'ev': 'XL2',
  'pair': 'DOGE-USD',
  'r': 1627830396594,
  't': 1627830396587,
  'x': 1}]
Recivin messages
[{'a': [[0.2099, 35683.7],
        [0.21, 181799.9],
        [0.2101, 165317.9],
        [0.2102, 209030.8],
        [0.2103, 231688.9],
        [0.2104, 137008.3],
        [0.2105, 156687.2],
        [0.2106, 15275.8],
        [0.2107, 52587.2],
        [0.2108, 73552.5],
        [0.2109, 217.5],
        [0.211, 87931.3],
        [0.2111, 818739.8],
        [0.2112, 61122.5],
        [0.2113, 11977.7],
        [0.2114, 340033.7],
        [0.2115, 13832.4],
        [0.2116, 28543.4],
        [0.2117, 160.7],
        [0.2118, 5],
        [0.2119, 24106.1],
        [0.212, 30959.1],
        [0.2121, 74120.2],
        [0.2122, 5],
        [0.2123, 39950.1],
        [0.2124, 106.4],
        [0.2125, 25006],
        [0.2126, 27947],
        [0.2127, 314.6],
        [0.2128, 48268.1],
        [0.2129, 13080.9],
        [0.213, 672.3],
        [0.2131, 250],
        [0.2132, 105],
        [0.2133, 14096],
        [0.2134, 380.7],
        [0.2135, 3837.7],
        [0.2136, 108.1],
        [0.2137, 2609.8],
        [0.2138, 653.5],
        [0.2139, 366.1],
        [0.214, 15893.6],
        [0.2141, 100006],
        [0.2142, 2233.8],
        [0.2143, 82.8],
        [0.2144, 6334.7],
        [0.2145, 112.8],
        [0.2146, 148],
        [0.2147, 311.7],
        [0.2148, 707.4],
        [0.2149, 71897.1],
        [0.215, 551959.5],
        [0.2151, 100031.2],
        [0.2152, 303.4],
        [0.2153, 14304],
        [0.2154, 30680.7],
        [0.2155, 12965.6],
        [0.2156, 12157.3],
        [0.2157, 669.9],
        [0.2158, 3560.8],
        [0.2159, 15097.6],
        [0.216, 165.3],
        [0.2161, 479.8],
        [0.2162, 627.6],
        [0.2163, 105],
        [0.2164, 285.4],
        [0.2165, 26192.6],
        [0.2166, 98286.5],
        [0.2167, 308.8],
        [0.2168, 4851.9],
        [0.2169, 1174.6],
        [0.217, 144330.4],
        [0.2171, 14617.3],
        [0.2172, 378],
        [0.2173, 3685],
        [0.2174, 480.6],
        [0.2175, 4080.5],
        [0.2176, 78.5],
        [0.2177, 4724.4],
        [0.2178, 13553.3],
        [0.2179, 426.3],
        [0.218, 239164.7],
        [0.2181, 90.7],
        [0.2182, 16416.4],
        [0.2183, 438.2],
        [0.2184, 392.1],
        [0.2185, 2588.3],
        [0.2186, 144.9],
        [0.2187, 1585.4],
        [0.2188, 4100.6],
        [0.2189, 99156.7],
        [0.219, 698773.3],
        [0.2191, 631558.1],
        [0.2192, 2540.7],
        [0.2193, 45],
        [0.2194, 2345],
        [0.2195, 1066.4],
        [0.2196, 480.4],
        [0.2197, 1308],
        [0.2198, 4264.4]],
  'b': [[0.2098, 72880.7],
        [0.2097, 122785.2],
        [0.2096, 300795.7],
        [0.2095, 234032.8],
        [0.2094, 324122],
        [0.2093, 98008.6],
        [0.2092, 87969.3],
        [0.2091, 159481.9],
        [0.209, 56361.4],
        [0.2089, 30608.4],
        [0.2088, 583172.2],
        [0.2087, 340.5],
        [0.2086, 259925.2],
        [0.2085, 27235.7],
        [0.2084, 10444.8],
        [0.2083, 558.6],
        [0.2082, 28930.2],
        [0.2081, 12012.8],
        [0.208, 511137.5],
        [0.2079, 1341297.8],
        [0.2078, 103339.8],
        [0.2077, 37168.4],
        [0.2076, 2268.7],
        [0.2075, 367975.4],
        [0.2074, 124.9],
        [0.2073, 36393.2],
        [0.2072, 2156.4],
        [0.2071, 16985],
        [0.207, 212681.7],
        [0.2069, 69392.6],
        [0.2068, 5871.8],
        [0.2067, 1269.3],
        [0.2066, 3872.2],
        [0.2065, 7525.2],
        [0.2064, 34.5],
        [0.2063, 12462.6],
        [0.2062, 507.7],
        [0.2061, 4081.4],
        [0.206, 184263.4],
        [0.2059, 32391],
        [0.2058, 108515.4],
        [0.2057, 15189],
        [0.2056, 1180.2],
        [0.2055, 50657.2],
        [0.2054, 1548.1],
        [0.2053, 470.6],
        [0.2052, 15386.4],
        [0.2051, 52857.5],
        [0.205, 225542.4],
        [0.2049, 24778.4],
        [0.2048, 7006.1],
        [0.2047, 4010.7],
        [0.2046, 5420.8],
        [0.2045, 2735.1],
        [0.2044, 1744],
        [0.2043, 1915.9],
        [0.2042, 10324.5],
        [0.2041, 575.5],
        [0.204, 1675],
        [0.2039, 1694.1],
        [0.2038, 259928.3],
        [0.2037, 480.7],
        [0.2036, 2646.6],
        [0.2035, 26593.8],
        [0.2034, 2245],
        [0.2033, 69553.7],
        [0.2032, 1805.6],
        [0.2031, 2000],
        [0.203, 1662.9],
        [0.2029, 233.9],
        [0.2028, 100.3],
        [0.2027, 199.3],
        [0.2026, 320.3],
        [0.2025, 676.7],
        [0.2023, 229.2],
        [0.2022, 1392.6],
        [0.2021, 226.2],
        [0.202, 19506.3],
        [0.2019, 347.3],
        [0.2018, 1697.6],
        [0.2017, 350.1],
        [0.2016, 9933.7],
        [0.2015, 5545.8],
        [0.2014, 328.1],
        [0.2013, 150.2],
        [0.2012, 1015.8],
        [0.2011, 4750],
        [0.201, 23877.5],
        [0.2009, 65.5],
        [0.2008, 20503.2],
        [0.2007, 561.1],
        [0.2006, 70.1],
        [0.2005, 1997.7],
        [0.2004, 1621.3],
        [0.2003, 47151],
        [0.2002, 50248.2],
        [0.2001, 881.4],
        [0.2, 1671399.5],
        [0.1999, 26062.8],
        [0.1998, 257.4]],
  'ev': 'XL2',
  'pair': 'DOGE-USD',
  'r': 1627830396609,
  't': 1627830396600,
  'x': 1}]
Recivin messages
[{'a': [[0.2099, 35683.7],
        [0.21, 181799.9],
        [0.2101, 165317.9],
        [0.2102, 209030.8],
        [0.2103, 231688.9],
        [0.2104, 137008.3],
        [0.2105, 156687.2],
        [0.2106, 15275.8],
        [0.2107, 52587.2],
        [0.2108, 73552.5],
        [0.2109, 217.5],
        [0.211, 87931.3],
        [0.2111, 818739.8],
        [0.2112, 61122.5],
        [0.2113, 11977.7],
        [0.2114, 340033.7],
        [0.2115, 13832.4],
        [0.2116, 28543.4],
        [0.2117, 160.7],
        [0.2118, 5],
        [0.2119, 24106.1],
        [0.212, 30959.1],
        [0.2121, 74120.2],
        [0.2122, 5],
        [0.2123, 39950.1],
        [0.2124, 106.4],
        [0.2125, 25006],
        [0.2126, 27947],
        [0.2127, 314.6],
        [0.2128, 48268.1],
        [0.2129, 13080.9],
        [0.213, 672.3],
        [0.2131, 250],
        [0.2132, 105],
        [0.2133, 14096],
        [0.2134, 380.7],
        [0.2135, 3837.7],
        [0.2136, 108.1],
        [0.2137, 2609.8],
        [0.2138, 653.5],
        [0.2139, 366.1],
        [0.214, 15893.6],
        [0.2141, 100006],
        [0.2142, 2233.8],
        [0.2143, 82.8],
        [0.2144, 6334.7],
        [0.2145, 112.8],
        [0.2146, 148],
        [0.2147, 311.7],
        [0.2148, 707.4],
        [0.2149, 71897.1],
        [0.215, 551959.5],
        [0.2151, 100031.2],
        [0.2152, 303.4],
        [0.2153, 14304],
        [0.2154, 30680.7],
        [0.2155, 12965.6],
        [0.2156, 12157.3],
        [0.2157, 669.9],
        [0.2158, 3560.8],
        [0.2159, 15097.6],
        [0.216, 165.3],
        [0.2161, 479.8],
        [0.2162, 627.6],
        [0.2163, 105],
        [0.2164, 285.4],
        [0.2165, 26192.6],
        [0.2166, 98286.5],
        [0.2167, 308.8],
        [0.2168, 4851.9],
        [0.2169, 1174.6],
        [0.217, 144330.4],
        [0.2171, 14617.3],
        [0.2172, 378],
        [0.2173, 3685],
        [0.2174, 480.6],
        [0.2175, 4080.5],
        [0.2176, 78.5],
        [0.2177, 4724.4],
        [0.2178, 13553.3],
        [0.2179, 426.3],
        [0.218, 239164.7],
        [0.2181, 90.7],
        [0.2182, 16416.4],
        [0.2183, 438.2],
        [0.2184, 392.1],
        [0.2185, 2588.3],
        [0.2186, 144.9],
        [0.2187, 1585.4],
        [0.2188, 4100.6],
        [0.2189, 99156.7],
        [0.219, 698773.3],
        [0.2191, 631558.1],
        [0.2192, 2540.7],
        [0.2193, 45],
        [0.2194, 2345],
        [0.2195, 1066.4],
        [0.2196, 480.4],
        [0.2197, 1308],
        [0.2198, 4264.4]],
  'b': [[0.2098, 87185.8],
        [0.2097, 122785.2],
        [0.2096, 300795.7],
        [0.2095, 234032.8],
        [0.2094, 324122],
        [0.2093, 98008.6],
        [0.2092, 87969.3],
        [0.2091, 159481.9],
        [0.209, 56361.4],
        [0.2089, 30608.4],
        [0.2088, 583172.2],
        [0.2087, 340.5],
        [0.2086, 259925.2],
        [0.2085, 27235.7],
        [0.2084, 10444.8],
        [0.2083, 558.6],
        [0.2082, 28930.2],
        [0.2081, 12012.8],
        [0.208, 511137.5],
        [0.2079, 1341297.8],
        [0.2078, 103339.8],
        [0.2077, 37168.4],
        [0.2076, 2268.7],
        [0.2075, 367975.4],
        [0.2074, 124.9],
        [0.2073, 36393.2],
        [0.2072, 2156.4],
        [0.2071, 16985],
        [0.207, 212681.7],
        [0.2069, 69392.6],
        [0.2068, 5871.8],
        [0.2067, 1269.3],
        [0.2066, 3872.2],
        [0.2065, 7525.2],
        [0.2064, 34.5],
        [0.2063, 12462.6],
        [0.2062, 507.7],
        [0.2061, 4081.4],
        [0.206, 184263.4],
        [0.2059, 32391],
        [0.2058, 108515.4],
        [0.2057, 15189],
        [0.2056, 1180.2],
        [0.2055, 50657.2],
        [0.2054, 1548.1],
        [0.2053, 470.6],
        [0.2052, 15386.4],
        [0.2051, 52857.5],
        [0.205, 225542.4],
        [0.2049, 24778.4],
        [0.2048, 7006.1],
        [0.2047, 4010.7],
        [0.2046, 5420.8],
        [0.2045, 2735.1],
        [0.2044, 1744],
        [0.2043, 1915.9],
        [0.2042, 10324.5],
        [0.2041, 575.5],
        [0.204, 1675],
        [0.2039, 1694.1],
        [0.2038, 259928.3],
        [0.2037, 480.7],
        [0.2036, 2646.6],
        [0.2035, 26593.8],
        [0.2034, 2245],
        [0.2033, 69553.7],
        [0.2032, 1805.6],
        [0.2031, 2000],
        [0.203, 1662.9],
        [0.2029, 233.9],
        [0.2028, 100.3],
        [0.2027, 199.3],
        [0.2026, 320.3],
        [0.2025, 676.7],
        [0.2023, 229.2],
        [0.2022, 1392.6],
        [0.2021, 226.2],
        [0.202, 19506.3],
        [0.2019, 347.3],
        [0.2018, 1697.6],
        [0.2017, 350.1],
        [0.2016, 9933.7],
        [0.2015, 5545.8],
        [0.2014, 328.1],
        [0.2013, 150.2],
        [0.2012, 1015.8],
        [0.2011, 4750],
        [0.201, 23877.5],
        [0.2009, 65.5],
        [0.2008, 20503.2],
        [0.2007, 561.1],
        [0.2006, 70.1],
        [0.2005, 1997.7],
        [0.2004, 1621.3],
        [0.2003, 47151],
        [0.2002, 50248.2],
        [0.2001, 881.4],
        [0.2, 1671399.5],
        [0.1999, 26062.8],
        [0.1998, 257.4]],
  'ev': 'XL2',
  'pair': 'DOGE-USD',
  'r': 1627830396634,
  't': 1627830396628,
  'x': 1}]
Recivin messages
[{'a': [[0.2099, 35683.7],
        [0.21, 181799.9],
        [0.2101, 165317.9],
        [0.2102, 209030.8],
        [0.2103, 231688.9],
        [0.2104, 137008.3],
        [0.2105, 156687.2],
        [0.2106, 15275.8],
        [0.2107, 52587.2],
        [0.2108, 73552.5],
        [0.2109, 217.5],
        [0.211, 87931.3],
        [0.2111, 818739.8],
        [0.2112, 61122.5],
        [0.2113, 11977.7],
        [0.2114, 340033.7],
        [0.2115, 13832.4],
        [0.2116, 28543.4],
        [0.2117, 160.7],
        [0.2118, 5],
        [0.2119, 24106.1],
        [0.212, 30959.1],
        [0.2121, 74120.2],
        [0.2122, 5],
        [0.2123, 39950.1],
        [0.2124, 106.4],
        [0.2125, 25006],
        [0.2126, 27947],
        [0.2127, 314.6],
        [0.2128, 48268.1],
        [0.2129, 13080.9],
        [0.213, 672.3],
        [0.2131, 250],
        [0.2132, 105],
        [0.2133, 14096],
        [0.2134, 380.7],
        [0.2135, 3837.7],
        [0.2136, 108.1],
        [0.2137, 2609.8],
        [0.2138, 653.5],
        [0.2139, 366.1],
        [0.214, 15893.6],
        [0.2141, 100006],
        [0.2142, 2233.8],
        [0.2143, 82.8],
        [0.2144, 6334.7],
        [0.2145, 112.8],
        [0.2146, 148],
        [0.2147, 311.7],
        [0.2148, 707.4],
        [0.2149, 71897.1],
        [0.215, 551959.5],
        [0.2151, 100031.2],
        [0.2152, 303.4],
        [0.2153, 14304],
        [0.2154, 30680.7],
        [0.2155, 12965.6],
        [0.2156, 12157.3],
        [0.2157, 669.9],
        [0.2158, 3560.8],
        [0.2159, 15097.6],
        [0.216, 165.3],
        [0.2161, 479.8],
        [0.2162, 627.6],
        [0.2163, 105],
        [0.2164, 285.4],
        [0.2165, 26192.6],
        [0.2166, 98286.5],
        [0.2167, 308.8],
        [0.2168, 4851.9],
        [0.2169, 1174.6],
        [0.217, 144330.4],
        [0.2171, 14617.3],
        [0.2172, 378],
        [0.2173, 3685],
        [0.2174, 480.6],
        [0.2175, 4080.5],
        [0.2176, 78.5],
        [0.2177, 4724.4],
        [0.2178, 13553.3],
        [0.2179, 426.3],
        [0.218, 239164.7],
        [0.2181, 90.7],
        [0.2182, 16416.4],
        [0.2183, 438.2],
        [0.2184, 392.1],
        [0.2185, 2588.3],
        [0.2186, 144.9],
        [0.2187, 1585.4],
        [0.2188, 4100.6],
        [0.2189, 99156.7],
        [0.219, 698773.3],
        [0.2191, 631558.1],
        [0.2192, 2540.7],
        [0.2193, 45],
        [0.2194, 2345],
        [0.2195, 1066.4],
        [0.2196, 480.4],
        [0.2197, 1308],
        [0.2198, 4264.4]],
  'b': [[0.2098, 72880.7],
        [0.2097, 122785.2],
        [0.2096, 300795.7],
        [0.2095, 234032.8],
        [0.2094, 324122],
        [0.2093, 98008.6],
        [0.2092, 87969.3],
        [0.2091, 159481.9],
        [0.209, 56361.4],
        [0.2089, 30608.4],
        [0.2088, 583172.2],
        [0.2087, 340.5],
        [0.2086, 259925.2],
        [0.2085, 27235.7],
        [0.2084, 10444.8],
        [0.2083, 558.6],
        [0.2082, 28930.2],
        [0.2081, 12012.8],
        [0.208, 511137.5],
        [0.2079, 1341297.8],
        [0.2078, 103339.8],
        [0.2077, 37168.4],
        [0.2076, 2268.7],
        [0.2075, 367975.4],
        [0.2074, 124.9],
        [0.2073, 36393.2],
        [0.2072, 2156.4],
        [0.2071, 16985],
        [0.207, 212681.7],
        [0.2069, 69392.6],
        [0.2068, 5871.8],
        [0.2067, 1269.3],
        [0.2066, 3872.2],
        [0.2065, 7525.2],
        [0.2064, 34.5],
        [0.2063, 12462.6],
        [0.2062, 507.7],
        [0.2061, 4081.4],
        [0.206, 184263.4],
        [0.2059, 32391],
        [0.2058, 108515.4],
        [0.2057, 15189],
        [0.2056, 1180.2],
        [0.2055, 50657.2],
        [0.2054, 1548.1],
        [0.2053, 470.6],
        [0.2052, 15386.4],
        [0.2051, 52857.5],
        [0.205, 225542.4],
        [0.2049, 24778.4],
        [0.2048, 7006.1],
        [0.2047, 4010.7],
        [0.2046, 5420.8],
        [0.2045, 2735.1],
        [0.2044, 1744],
        [0.2043, 1915.9],
        [0.2042, 10324.5],
        [0.2041, 575.5],
        [0.204, 1675],
        [0.2039, 1694.1],
        [0.2038, 259928.3],
        [0.2037, 480.7],
        [0.2036, 2646.6],
        [0.2035, 26593.8],
        [0.2034, 2245],
        [0.2033, 69553.7],
        [0.2032, 1805.6],
        [0.2031, 2000],
        [0.203, 1662.9],
        [0.2029, 233.9],
        [0.2028, 100.3],
        [0.2027, 199.3],
        [0.2026, 320.3],
        [0.2025, 676.7],
        [0.2023, 229.2],
        [0.2022, 1392.6],
        [0.2021, 226.2],
        [0.202, 19506.3],
        [0.2019, 347.3],
        [0.2018, 1697.6],
        [0.2017, 350.1],
        [0.2016, 9933.7],
        [0.2015, 5545.8],
        [0.2014, 328.1],
        [0.2013, 150.2],
        [0.2012, 1015.8],
        [0.2011, 4750],
        [0.201, 23877.5],
        [0.2009, 65.5],
        [0.2008, 20503.2],
        [0.2007, 561.1],
        [0.2006, 70.1],
        [0.2005, 1997.7],
        [0.2004, 1621.3],
        [0.2003, 47151],
        [0.2002, 50248.2],
        [0.2001, 881.4],
        [0.2, 1671399.5],
        [0.1999, 26062.8],
        [0.1998, 257.4]],
  'ev': 'XL2',
  'pair': 'DOGE-USD',
  'r': 1627830396645,
  't': 1627830396635,
  'x': 1}]
Recivin messages
[{'a': [[0.2099, 35683.7],
        [0.21, 167494.8],
        [0.2101, 165317.9],
        [0.2102, 209030.8],
        [0.2103, 231688.9],
        [0.2104, 137008.3],
        [0.2105, 156687.2],
        [0.2106, 15275.8],
        [0.2107, 52587.2],
        [0.2108, 73552.5],
        [0.2109, 217.5],
        [0.211, 87931.3],
        [0.2111, 818739.8],
        [0.2112, 61122.5],
        [0.2113, 11977.7],
        [0.2114, 340033.7],
        [0.2115, 13832.4],
        [0.2116, 28543.4],
        [0.2117, 160.7],
        [0.2118, 5],
        [0.2119, 24106.1],
        [0.212, 30959.1],
        [0.2121, 74120.2],
        [0.2122, 5],
        [0.2123, 39950.1],
        [0.2124, 106.4],
        [0.2125, 25006],
        [0.2126, 27947],
        [0.2127, 314.6],
        [0.2128, 48268.1],
        [0.2129, 13080.9],
        [0.213, 672.3],
        [0.2131, 250],
        [0.2132, 105],
        [0.2133, 14096],
        [0.2134, 380.7],
        [0.2135, 3837.7],
        [0.2136, 108.1],
        [0.2137, 2609.8],
        [0.2138, 653.5],
        [0.2139, 366.1],
        [0.214, 15893.6],
        [0.2141, 100006],
        [0.2142, 2233.8],
        [0.2143, 82.8],
        [0.2144, 6334.7],
        [0.2145, 112.8],
        [0.2146, 148],
        [0.2147, 311.7],
        [0.2148, 707.4],
        [0.2149, 71897.1],
        [0.215, 551959.5],
        [0.2151, 100031.2],
        [0.2152, 303.4],
        [0.2153, 14304],
        [0.2154, 30680.7],
        [0.2155, 12965.6],
        [0.2156, 12157.3],
        [0.2157, 669.9],
        [0.2158, 3560.8],
        [0.2159, 15097.6],
        [0.216, 165.3],
        [0.2161, 479.8],
        [0.2162, 627.6],
        [0.2163, 105],
        [0.2164, 285.4],
        [0.2165, 26192.6],
        [0.2166, 98286.5],
        [0.2167, 308.8],
        [0.2168, 4851.9],
        [0.2169, 1174.6],
        [0.217, 144330.4],
        [0.2171, 14617.3],
        [0.2172, 378],
        [0.2173, 3685],
        [0.2174, 480.6],
        [0.2175, 4080.5],
        [0.2176, 78.5],
        [0.2177, 4724.4],
        [0.2178, 13553.3],
        [0.2179, 426.3],
        [0.218, 239164.7],
        [0.2181, 90.7],
        [0.2182, 16416.4],
        [0.2183, 438.2],
        [0.2184, 392.1],
        [0.2185, 2588.3],
        [0.2186, 144.9],
        [0.2187, 1585.4],
        [0.2188, 4100.6],
        [0.2189, 99156.7],
        [0.219, 698773.3],
        [0.2191, 631558.1],
        [0.2192, 2540.7],
        [0.2193, 45],
        [0.2194, 2345],
        [0.2195, 1066.4],
        [0.2196, 480.4],
        [0.2197, 1308],
        [0.2198, 4264.4]],
  'b': [[0.2098, 72880.7],
        [0.2097, 122785.2],
        [0.2096, 300795.7],
        [0.2095, 234032.8],
        [0.2094, 324122],
        [0.2093, 98008.6],
        [0.2092, 87969.3],
        [0.2091, 159481.9],
        [0.209, 56361.4],
        [0.2089, 30608.4],
        [0.2088, 583172.2],
        [0.2087, 340.5],
        [0.2086, 259925.2],
        [0.2085, 27235.7],
        [0.2084, 10444.8],
        [0.2083, 558.6],
        [0.2082, 28930.2],
        [0.2081, 12012.8],
        [0.208, 511137.5],
        [0.2079, 1341297.8],
        [0.2078, 103339.8],
        [0.2077, 37168.4],
        [0.2076, 2268.7],
        [0.2075, 367975.4],
        [0.2074, 124.9],
        [0.2073, 36393.2],
        [0.2072, 2156.4],
        [0.2071, 16985],
        [0.207, 212681.7],
        [0.2069, 69392.6],
        [0.2068, 5871.8],
        [0.2067, 1269.3],
        [0.2066, 3872.2],
        [0.2065, 7525.2],
        [0.2064, 34.5],
        [0.2063, 12462.6],
        [0.2062, 507.7],
        [0.2061, 4081.4],
        [0.206, 184263.4],
        [0.2059, 32391],
        [0.2058, 108515.4],
        [0.2057, 15189],
        [0.2056, 1180.2],
        [0.2055, 50657.2],
        [0.2054, 1548.1],
        [0.2053, 470.6],
        [0.2052, 15386.4],
        [0.2051, 52857.5],
        [0.205, 225542.4],
        [0.2049, 24778.4],
        [0.2048, 7006.1],
        [0.2047, 4010.7],
        [0.2046, 5420.8],
        [0.2045, 2735.1],
        [0.2044, 1744],
        [0.2043, 1915.9],
        [0.2042, 10324.5],
        [0.2041, 575.5],
        [0.204, 1675],
        [0.2039, 1694.1],
        [0.2038, 259928.3],
        [0.2037, 480.7],
        [0.2036, 2646.6],
        [0.2035, 26593.8],
        [0.2034, 2245],
        [0.2033, 69553.7],
        [0.2032, 1805.6],
        [0.2031, 2000],
        [0.203, 1662.9],
        [0.2029, 233.9],
        [0.2028, 100.3],
        [0.2027, 199.3],
        [0.2026, 320.3],
        [0.2025, 676.7],
        [0.2023, 229.2],
        [0.2022, 1392.6],
        [0.2021, 226.2],
        [0.202, 19506.3],
        [0.2019, 347.3],
        [0.2018, 1697.6],
        [0.2017, 350.1],
        [0.2016, 9933.7],
        [0.2015, 5545.8],
        [0.2014, 328.1],
        [0.2013, 150.2],
        [0.2012, 1015.8],
        [0.2011, 4750],
        [0.201, 23877.5],
        [0.2009, 65.5],
        [0.2008, 20503.2],
        [0.2007, 561.1],
        [0.2006, 70.1],
        [0.2005, 1997.7],
        [0.2004, 1621.3],
        [0.2003, 47151],
        [0.2002, 50248.2],
        [0.2001, 881.4],
        [0.2, 1671399.5],
        [0.1999, 26062.8],
        [0.1998, 257.4]],
  'ev': 'XL2',
  'pair': 'DOGE-USD',
  'r': 1627830396645,
  't': 1627830396639,
  'x': 1}]
Recivin messages
[{'a': [[0.2099, 35683.7],
        [0.21, 181799.9],
        [0.2101, 165317.9],
        [0.2102, 209030.8],
        [0.2103, 231688.9],
        [0.2104, 137008.3],
        [0.2105, 156687.2],
        [0.2106, 15275.8],
        [0.2107, 52587.2],
        [0.2108, 73552.5],
        [0.2109, 217.5],
        [0.211, 87931.3],
        [0.2111, 818739.8],
        [0.2112, 61122.5],
        [0.2113, 11977.7],
        [0.2114, 340033.7],
        [0.2115, 13832.4],
        [0.2116, 28543.4],
        [0.2117, 160.7],
        [0.2118, 5],
        [0.2119, 24106.1],
        [0.212, 30959.1],
        [0.2121, 74120.2],
        [0.2122, 5],
        [0.2123, 39950.1],
        [0.2124, 106.4],
        [0.2125, 25006],
        [0.2126, 27947],
        [0.2127, 314.6],
        [0.2128, 48268.1],
        [0.2129, 13080.9],
        [0.213, 672.3],
        [0.2131, 250],
        [0.2132, 105],
        [0.2133, 14096],
        [0.2134, 380.7],
        [0.2135, 3837.7],
        [0.2136, 108.1],
        [0.2137, 2609.8],
        [0.2138, 653.5],
        [0.2139, 366.1],
        [0.214, 15893.6],
        [0.2141, 100006],
        [0.2142, 2233.8],
        [0.2143, 82.8],
        [0.2144, 6334.7],
        [0.2145, 112.8],
        [0.2146, 148],
        [0.2147, 311.7],
        [0.2148, 707.4],
        [0.2149, 71897.1],
        [0.215, 551959.5],
        [0.2151, 100031.2],
        [0.2152, 303.4],
        [0.2153, 14304],
        [0.2154, 30680.7],
        [0.2155, 12965.6],
        [0.2156, 12157.3],
        [0.2157, 669.9],
        [0.2158, 3560.8],
        [0.2159, 15097.6],
        [0.216, 165.3],
        [0.2161, 479.8],
        [0.2162, 627.6],
        [0.2163, 105],
        [0.2164, 285.4],
        [0.2165, 26192.6],
        [0.2166, 98286.5],
        [0.2167, 308.8],
        [0.2168, 4851.9],
        [0.2169, 1174.6],
        [0.217, 144330.4],
        [0.2171, 14617.3],
        [0.2172, 378],
        [0.2173, 3685],
        [0.2174, 480.6],
        [0.2175, 4080.5],
        [0.2176, 78.5],
        [0.2177, 4724.4],
        [0.2178, 13553.3],
        [0.2179, 426.3],
        [0.218, 239164.7],
        [0.2181, 90.7],
        [0.2182, 16416.4],
        [0.2183, 438.2],
        [0.2184, 392.1],
        [0.2185, 2588.3],
        [0.2186, 144.9],
        [0.2187, 1585.4],
        [0.2188, 4100.6],
        [0.2189, 99156.7],
        [0.219, 698773.3],
        [0.2191, 631558.1],
        [0.2192, 2540.7],
        [0.2193, 45],
        [0.2194, 2345],
        [0.2195, 1066.4],
        [0.2196, 480.4],
        [0.2197, 1308],
        [0.2198, 4264.4]],
  'b': [[0.2098, 72880.7],
        [0.2097, 122785.2],
        [0.2096, 300795.7],
        [0.2095, 234032.8],
        [0.2094, 324122],
        [0.2093, 98008.6],
        [0.2092, 87969.3],
        [0.2091, 159481.9],
        [0.209, 56361.4],
        [0.2089, 30608.4],
        [0.2088, 583172.2],
        [0.2087, 340.5],
        [0.2086, 259925.2],
        [0.2085, 27235.7],
        [0.2084, 10444.8],
        [0.2083, 558.6],
        [0.2082, 28930.2],
        [0.2081, 12012.8],
        [0.208, 511137.5],
        [0.2079, 1341297.8],
        [0.2078, 103339.8],
        [0.2077, 37168.4],
        [0.2076, 2268.7],
        [0.2075, 367975.4],
        [0.2074, 124.9],
        [0.2073, 36393.2],
        [0.2072, 2156.4],
        [0.2071, 16985],
        [0.207, 212681.7],
        [0.2069, 69392.6],
        [0.2068, 5871.8],
        [0.2067, 1269.3],
        [0.2066, 3872.2],
        [0.2065, 7525.2],
        [0.2064, 34.5],
        [0.2063, 12462.6],
        [0.2062, 507.7],
        [0.2061, 4081.4],
        [0.206, 184263.4],
        [0.2059, 32391],
        [0.2058, 108515.4],
        [0.2057, 15189],
        [0.2056, 1180.2],
        [0.2055, 50657.2],
        [0.2054, 1548.1],
        [0.2053, 470.6],
        [0.2052, 15386.4],
        [0.2051, 52857.5],
        [0.205, 225542.4],
        [0.2049, 24778.4],
        [0.2048, 7006.1],
        [0.2047, 4010.7],
        [0.2046, 5420.8],
        [0.2045, 2735.1],
        [0.2044, 1744],
        [0.2043, 1915.9],
        [0.2042, 10324.5],
        [0.2041, 575.5],
        [0.204, 1675],
        [0.2039, 1694.1],
        [0.2038, 259928.3],
        [0.2037, 480.7],
        [0.2036, 2646.6],
        [0.2035, 26593.8],
        [0.2034, 2245],
        [0.2033, 69553.7],
        [0.2032, 1805.6],
        [0.2031, 2000],
        [0.203, 1662.9],
        [0.2029, 233.9],
        [0.2028, 100.3],
        [0.2027, 199.3],
        [0.2026, 320.3],
        [0.2025, 676.7],
        [0.2023, 229.2],
        [0.2022, 1392.6],
        [0.2021, 226.2],
        [0.202, 19506.3],
        [0.2019, 347.3],
        [0.2018, 1697.6],
        [0.2017, 350.1],
        [0.2016, 9933.7],
        [0.2015, 5545.8],
        [0.2014, 328.1],
        [0.2013, 150.2],
        [0.2012, 1015.8],
        [0.2011, 4750],
        [0.201, 23877.5],
        [0.2009, 65.5],
        [0.2008, 20503.2],
        [0.2007, 561.1],
        [0.2006, 70.1],
        [0.2005, 1997.7],
        [0.2004, 1621.3],
        [0.2003, 47151],
        [0.2002, 50248.2],
        [0.2001, 881.4],
        [0.2, 1671399.5],
        [0.1999, 26062.8],
        [0.1998, 257.4]],
  'ev': 'XL2',
  'pair': 'DOGE-USD',
  'r': 1627830396658,
  't': 1627830396651,
  'x': 1}]
Recivin messages
[{'a': [[0.2099, 35683.7],
        [0.21, 181799.9],
        [0.2101, 165317.9],
        [0.2102, 209030.8],
        [0.2103, 231688.9],
        [0.2104, 137008.3],
        [0.2105, 156687.2],
        [0.2106, 15275.8],
        [0.2107, 52587.2],
        [0.2108, 73552.5],
        [0.2109, 217.5],
        [0.211, 87931.3],
        [0.2111, 818739.8],
        [0.2112, 61122.5],
        [0.2113, 11977.7],
        [0.2114, 340033.7],
        [0.2115, 13832.4],
        [0.2116, 28543.4],
        [0.2117, 160.7],
        [0.2118, 5],
        [0.2119, 24106.1],
        [0.212, 30959.1],
        [0.2121, 74120.2],
        [0.2122, 5],
        [0.2123, 39950.1],
        [0.2124, 106.4],
        [0.2125, 25006],
        [0.2126, 27947],
        [0.2127, 314.6],
        [0.2128, 48268.1],
        [0.2129, 13080.9],
        [0.213, 672.3],
        [0.2131, 250],
        [0.2132, 105],
        [0.2133, 14096],
        [0.2134, 380.7],
        [0.2135, 3837.7],
        [0.2136, 108.1],
        [0.2137, 2609.8],
        [0.2138, 653.5],
        [0.2139, 366.1],
        [0.214, 15893.6],
        [0.2141, 100006],
        [0.2142, 2233.8],
        [0.2143, 82.8],
        [0.2144, 6334.7],
        [0.2145, 112.8],
        [0.2146, 148],
        [0.2147, 311.7],
        [0.2148, 707.4],
        [0.2149, 71897.1],
        [0.215, 551959.5],
        [0.2151, 100031.2],
        [0.2152, 303.4],
        [0.2153, 14304],
        [0.2154, 30680.7],
        [0.2155, 12965.6],
        [0.2156, 12157.3],
        [0.2157, 669.9],
        [0.2158, 3560.8],
        [0.2159, 15097.6],
        [0.216, 165.3],
        [0.2161, 479.8],
        [0.2162, 627.6],
        [0.2163, 105],
        [0.2164, 285.4],
        [0.2165, 26192.6],
        [0.2166, 98286.5],
        [0.2167, 308.8],
        [0.2168, 4851.9],
        [0.2169, 1174.6],
        [0.217, 144330.4],
        [0.2171, 14617.3],
        [0.2172, 378],
        [0.2173, 3685],
        [0.2174, 480.6],
        [0.2175, 4080.5],
        [0.2176, 78.5],
        [0.2177, 4724.4],
        [0.2178, 13553.3],
        [0.2179, 426.3],
        [0.218, 239164.7],
        [0.2181, 90.7],
        [0.2182, 16416.4],
        [0.2183, 438.2],
        [0.2184, 392.1],
        [0.2185, 2588.3],
        [0.2186, 144.9],
        [0.2187, 1585.4],
        [0.2188, 4100.6],
        [0.2189, 99156.7],
        [0.219, 698773.3],
        [0.2191, 631558.1],
        [0.2192, 2540.7],
        [0.2193, 45],
        [0.2194, 2345],
        [0.2195, 1066.4],
        [0.2196, 480.4],
        [0.2197, 1308],
        [0.2198, 4264.4]],
  'b': [[0.2098, 87185.8],
        [0.2097, 122785.2],
        [0.2096, 300795.7],
        [0.2095, 234032.8],
        [0.2094, 324122],
        [0.2093, 98008.6],
        [0.2092, 87969.3],
        [0.2091, 159481.9],
        [0.209, 56361.4],
        [0.2089, 30608.4],
        [0.2088, 583172.2],
        [0.2087, 340.5],
        [0.2086, 259925.2],
        [0.2085, 27235.7],
        [0.2084, 10444.8],
        [0.2083, 558.6],
        [0.2082, 28930.2],
        [0.2081, 12012.8],
        [0.208, 511137.5],
        [0.2079, 1341297.8],
        [0.2078, 103339.8],
        [0.2077, 37168.4],
        [0.2076, 2268.7],
        [0.2075, 367975.4],
        [0.2074, 124.9],
        [0.2073, 36393.2],
        [0.2072, 2156.4],
        [0.2071, 16985],
        [0.207, 212681.7],
        [0.2069, 69392.6],
        [0.2068, 5871.8],
        [0.2067, 1269.3],
        [0.2066, 3872.2],
        [0.2065, 7525.2],
        [0.2064, 34.5],
        [0.2063, 12462.6],
        [0.2062, 507.7],
        [0.2061, 4081.4],
        [0.206, 184263.4],
        [0.2059, 32391],
        [0.2058, 108515.4],
        [0.2057, 15189],
        [0.2056, 1180.2],
        [0.2055, 50657.2],
        [0.2054, 1548.1],
        [0.2053, 470.6],
        [0.2052, 15386.4],
        [0.2051, 52857.5],
        [0.205, 225542.4],
        [0.2049, 24778.4],
        [0.2048, 7006.1],
        [0.2047, 4010.7],
        [0.2046, 5420.8],
        [0.2045, 2735.1],
        [0.2044, 1744],
        [0.2043, 1915.9],
        [0.2042, 10324.5],
        [0.2041, 575.5],
        [0.204, 1675],
        [0.2039, 1694.1],
        [0.2038, 259928.3],
        [0.2037, 480.7],
        [0.2036, 2646.6],
        [0.2035, 26593.8],
        [0.2034, 2245],
        [0.2033, 69553.7],
        [0.2032, 1805.6],
        [0.2031, 2000],
        [0.203, 1662.9],
        [0.2029, 233.9],
        [0.2028, 100.3],
        [0.2027, 199.3],
        [0.2026, 320.3],
        [0.2025, 676.7],
        [0.2023, 229.2],
        [0.2022, 1392.6],
        [0.2021, 226.2],
        [0.202, 19506.3],
        [0.2019, 347.3],
        [0.2018, 1697.6],
        [0.2017, 350.1],
        [0.2016, 9933.7],
        [0.2015, 5545.8],
        [0.2014, 328.1],
        [0.2013, 150.2],
        [0.2012, 1015.8],
        [0.2011, 4750],
        [0.201, 23877.5],
        [0.2009, 65.5],
        [0.2008, 20503.2],
        [0.2007, 561.1],
        [0.2006, 70.1],
        [0.2005, 1997.7],
        [0.2004, 1621.3],
        [0.2003, 47151],
        [0.2002, 50248.2],
        [0.2001, 881.4],
        [0.2, 1671399.5],
        [0.1999, 26062.8],
        [0.1998, 257.4]],
  'ev': 'XL2',
  'pair': 'DOGE-USD',
  'r': 1627830396745,
  't': 1627830396739,
  'x': 1}]
Recivin messages
[{'a': [[0.2099, 35683.7],
        [0.21, 181799.9],
        [0.2101, 165317.9],
        [0.2102, 209030.8],
        [0.2103, 231688.9],
        [0.2104, 137008.3],
        [0.2105, 156687.2],
        [0.2106, 15275.8],
        [0.2107, 52587.2],
        [0.2108, 73552.5],
        [0.2109, 217.5],
        [0.211, 87931.3],
        [0.2111, 818739.8],
        [0.2112, 61122.5],
        [0.2113, 11977.7],
        [0.2114, 340033.7],
        [0.2115, 13832.4],
        [0.2116, 28543.4],
        [0.2117, 160.7],
        [0.2118, 5],
        [0.2119, 24106.1],
        [0.212, 30959.1],
        [0.2121, 74120.2],
        [0.2122, 5],
        [0.2123, 39950.1],
        [0.2124, 106.4],
        [0.2125, 25006],
        [0.2126, 27947],
        [0.2127, 314.6],
        [0.2128, 48268.1],
        [0.2129, 13080.9],
        [0.213, 672.3],
        [0.2131, 250],
        [0.2132, 105],
        [0.2133, 14096],
        [0.2134, 380.7],
        [0.2135, 3837.7],
        [0.2136, 108.1],
        [0.2137, 2609.8],
        [0.2138, 653.5],
        [0.2139, 366.1],
        [0.214, 15893.6],
        [0.2141, 100006],
        [0.2142, 2233.8],
        [0.2143, 82.8],
        [0.2144, 6334.7],
        [0.2145, 112.8],
        [0.2146, 148],
        [0.2147, 311.7],
        [0.2148, 707.4],
        [0.2149, 71897.1],
        [0.215, 551959.5],
        [0.2151, 100031.2],
        [0.2152, 303.4],
        [0.2153, 14304],
        [0.2154, 30680.7],
        [0.2155, 12965.6],
        [0.2156, 12157.3],
        [0.2157, 669.9],
        [0.2158, 3560.8],
        [0.2159, 15097.6],
        [0.216, 165.3],
        [0.2161, 479.8],
        [0.2162, 627.6],
        [0.2163, 105],
        [0.2164, 285.4],
        [0.2165, 26192.6],
        [0.2166, 98286.5],
        [0.2167, 308.8],
        [0.2168, 4851.9],
        [0.2169, 1174.6],
        [0.217, 144330.4],
        [0.2171, 14617.3],
        [0.2172, 378],
        [0.2173, 3685],
        [0.2174, 480.6],
        [0.2175, 4080.5],
        [0.2176, 78.5],
        [0.2177, 4724.4],
        [0.2178, 13553.3],
        [0.2179, 426.3],
        [0.218, 239164.7],
        [0.2181, 90.7],
        [0.2182, 16416.4],
        [0.2183, 438.2],
        [0.2184, 392.1],
        [0.2185, 2588.3],
        [0.2186, 144.9],
        [0.2187, 1585.4],
        [0.2188, 4100.6],
        [0.2189, 99156.7],
        [0.219, 698773.3],
        [0.2191, 631558.1],
        [0.2192, 2540.7],
        [0.2193, 45],
        [0.2194, 2345],
        [0.2195, 1066.4],
        [0.2196, 480.4],
        [0.2197, 1308],
        [0.2198, 4264.4]],
  'b': [[0.2098, 87185.8],
        [0.2097, 122785.2],
        [0.2096, 276995.7],
        [0.2095, 234032.8],
        [0.2094, 324122],
        [0.2093, 98008.6],
        [0.2092, 87969.3],
        [0.2091, 159481.9],
        [0.209, 56361.4],
        [0.2089, 30608.4],
        [0.2088, 583172.2],
        [0.2087, 340.5],
        [0.2086, 259925.2],
        [0.2085, 27235.7],
        [0.2084, 10444.8],
        [0.2083, 558.6],
        [0.2082, 28930.2],
        [0.2081, 12012.8],
        [0.208, 511137.5],
        [0.2079, 1341297.8],
        [0.2078, 103339.8],
        [0.2077, 37168.4],
        [0.2076, 2268.7],
        [0.2075, 367975.4],
        [0.2074, 124.9],
        [0.2073, 36393.2],
        [0.2072, 2156.4],
        [0.2071, 16985],
        [0.207, 212681.7],
        [0.2069, 69392.6],
        [0.2068, 5871.8],
        [0.2067, 1269.3],
        [0.2066, 3872.2],
        [0.2065, 7525.2],
        [0.2064, 34.5],
        [0.2063, 12462.6],
        [0.2062, 507.7],
        [0.2061, 4081.4],
        [0.206, 184263.4],
        [0.2059, 32391],
        [0.2058, 108515.4],
        [0.2057, 15189],
        [0.2056, 1180.2],
        [0.2055, 50657.2],
        [0.2054, 1548.1],
        [0.2053, 470.6],
        [0.2052, 15386.4],
        [0.2051, 52857.5],
        [0.205, 225542.4],
        [0.2049, 24778.4],
        [0.2048, 7006.1],
        [0.2047, 4010.7],
        [0.2046, 5420.8],
        [0.2045, 2735.1],
        [0.2044, 1744],
        [0.2043, 1915.9],
        [0.2042, 10324.5],
        [0.2041, 575.5],
        [0.204, 1675],
        [0.2039, 1694.1],
        [0.2038, 259928.3],
        [0.2037, 480.7],
        [0.2036, 2646.6],
        [0.2035, 26593.8],
        [0.2034, 2245],
        [0.2033, 69553.7],
        [0.2032, 1805.6],
        [0.2031, 2000],
        [0.203, 1662.9],
        [0.2029, 233.9],
        [0.2028, 100.3],
        [0.2027, 199.3],
        [0.2026, 320.3],
        [0.2025, 676.7],
        [0.2023, 229.2],
        [0.2022, 1392.6],
        [0.2021, 226.2],
        [0.202, 19506.3],
        [0.2019, 347.3],
        [0.2018, 1697.6],
        [0.2017, 350.1],
        [0.2016, 9933.7],
        [0.2015, 5545.8],
        [0.2014, 328.1],
        [0.2013, 150.2],
        [0.2012, 1015.8],
        [0.2011, 4750],
        [0.201, 23877.5],
        [0.2009, 65.5],
        [0.2008, 20503.2],
        [0.2007, 561.1],
        [0.2006, 70.1],
        [0.2005, 1997.7],
        [0.2004, 1621.3],
        [0.2003, 47151],
        [0.2002, 50248.2],
        [0.2001, 881.4],
        [0.2, 1671399.5],
        [0.1999, 26062.8],
        [0.1998, 257.4]],
  'ev': 'XL2',
  'pair': 'DOGE-USD',
  'r': 1627830396751,
  't': 1627830396745,
  'x': 1}]
Recivin messages
[{'a': [[0.2099, 35683.7],
        [0.21, 181799.9],
        [0.2101, 165317.9],
        [0.2102, 209030.8],
        [0.2103, 231688.9],
        [0.2104, 137008.3],
        [0.2105, 156687.2],
        [0.2106, 15275.8],
        [0.2107, 52587.2],
        [0.2108, 73552.5],
        [0.2109, 217.5],
        [0.211, 87931.3],
        [0.2111, 818739.8],
        [0.2112, 61122.5],
        [0.2113, 11977.7],
        [0.2114, 340033.7],
        [0.2115, 13832.4],
        [0.2116, 28543.4],
        [0.2117, 160.7],
        [0.2118, 5],
        [0.2119, 24106.1],
        [0.212, 30959.1],
        [0.2121, 74120.2],
        [0.2122, 5],
        [0.2123, 39950.1],
        [0.2124, 106.4],
        [0.2125, 25006],
        [0.2126, 27947],
        [0.2127, 314.6],
        [0.2128, 48268.1],
        [0.2129, 13080.9],
        [0.213, 672.3],
        [0.2131, 250],
        [0.2132, 105],
        [0.2133, 14096],
        [0.2134, 380.7],
        [0.2135, 3837.7],
        [0.2136, 108.1],
        [0.2137, 2609.8],
        [0.2138, 653.5],
        [0.2139, 366.1],
        [0.214, 15893.6],
        [0.2141, 100006],
        [0.2142, 2233.8],
        [0.2143, 82.8],
        [0.2144, 6334.7],
        [0.2145, 112.8],
        [0.2146, 148],
        [0.2147, 311.7],
        [0.2148, 707.4],
        [0.2149, 71897.1],
        [0.215, 551959.5],
        [0.2151, 100031.2],
        [0.2152, 303.4],
        [0.2153, 14304],
        [0.2154, 30680.7],
        [0.2155, 12965.6],
        [0.2156, 12157.3],
        [0.2157, 669.9],
        [0.2158, 3560.8],
        [0.2159, 15097.6],
        [0.216, 165.3],
        [0.2161, 479.8],
        [0.2162, 627.6],
        [0.2163, 105],
        [0.2164, 285.4],
        [0.2165, 26192.6],
        [0.2166, 98286.5],
        [0.2167, 308.8],
        [0.2168, 4851.9],
        [0.2169, 1174.6],
        [0.217, 144330.4],
        [0.2171, 14617.3],
        [0.2172, 378],
        [0.2173, 3685],
        [0.2174, 480.6],
        [0.2175, 4080.5],
        [0.2176, 78.5],
        [0.2177, 4724.4],
        [0.2178, 13553.3],
        [0.2179, 426.3],
        [0.218, 239164.7],
        [0.2181, 90.7],
        [0.2182, 16416.4],
        [0.2183, 438.2],
        [0.2184, 392.1],
        [0.2185, 2588.3],
        [0.2186, 144.9],
        [0.2187, 1585.4],
        [0.2188, 4100.6],
        [0.2189, 99156.7],
        [0.219, 698773.3],
        [0.2191, 631558.1],
        [0.2192, 2540.7],
        [0.2193, 45],
        [0.2194, 2345],
        [0.2195, 1066.4],
        [0.2196, 480.4],
        [0.2197, 1308],
        [0.2198, 4264.4]],
  'b': [[0.2098, 72880.7],
        [0.2097, 122785.2],
        [0.2096, 276995.7],
        [0.2095, 234032.8],
        [0.2094, 324122],
        [0.2093, 98008.6],
        [0.2092, 87969.3],
        [0.2091, 159481.9],
        [0.209, 56361.4],
        [0.2089, 30608.4],
        [0.2088, 583172.2],
        [0.2087, 340.5],
        [0.2086, 259925.2],
        [0.2085, 27235.7],
        [0.2084, 10444.8],
        [0.2083, 558.6],
        [0.2082, 28930.2],
        [0.2081, 12012.8],
        [0.208, 511137.5],
        [0.2079, 1341297.8],
        [0.2078, 103339.8],
        [0.2077, 37168.4],
        [0.2076, 2268.7],
        [0.2075, 367975.4],
        [0.2074, 124.9],
        [0.2073, 36393.2],
        [0.2072, 2156.4],
        [0.2071, 16985],
        [0.207, 212681.7],
        [0.2069, 69392.6],
        [0.2068, 5871.8],
        [0.2067, 1269.3],
        [0.2066, 3872.2],
        [0.2065, 7525.2],
        [0.2064, 34.5],
        [0.2063, 12462.6],
        [0.2062, 507.7],
        [0.2061, 4081.4],
        [0.206, 184263.4],
        [0.2059, 32391],
        [0.2058, 108515.4],
        [0.2057, 15189],
        [0.2056, 1180.2],
        [0.2055, 50657.2],
        [0.2054, 1548.1],
        [0.2053, 470.6],
        [0.2052, 15386.4],
        [0.2051, 52857.5],
        [0.205, 225542.4],
        [0.2049, 24778.4],
        [0.2048, 7006.1],
        [0.2047, 4010.7],
        [0.2046, 5420.8],
        [0.2045, 2735.1],
        [0.2044, 1744],
        [0.2043, 1915.9],
        [0.2042, 10324.5],
        [0.2041, 575.5],
        [0.204, 1675],
        [0.2039, 1694.1],
        [0.2038, 259928.3],
        [0.2037, 480.7],
        [0.2036, 2646.6],
        [0.2035, 26593.8],
        [0.2034, 2245],
        [0.2033, 69553.7],
        [0.2032, 1805.6],
        [0.2031, 2000],
        [0.203, 1662.9],
        [0.2029, 233.9],
        [0.2028, 100.3],
        [0.2027, 199.3],
        [0.2026, 320.3],
        [0.2025, 676.7],
        [0.2023, 229.2],
        [0.2022, 1392.6],
        [0.2021, 226.2],
        [0.202, 19506.3],
        [0.2019, 347.3],
        [0.2018, 1697.6],
        [0.2017, 350.1],
        [0.2016, 9933.7],
        [0.2015, 5545.8],
        [0.2014, 328.1],
        [0.2013, 150.2],
        [0.2012, 1015.8],
        [0.2011, 4750],
        [0.201, 23877.5],
        [0.2009, 65.5],
        [0.2008, 20503.2],
        [0.2007, 561.1],
        [0.2006, 70.1],
        [0.2005, 1997.7],
        [0.2004, 1621.3],
        [0.2003, 47151],
        [0.2002, 50248.2],
        [0.2001, 881.4],
        [0.2, 1671399.5],
        [0.1999, 26062.8],
        [0.1998, 257.4]],
  'ev': 'XL2',
  'pair': 'DOGE-USD',
  'r': 1627830396757,
  't': 1627830396749,
  'x': 1}]
Recivin messages
[{'a': [[0.2099, 35683.7],
        [0.21, 167494.8],
        [0.2101, 165317.9],
        [0.2102, 209030.8],
        [0.2103, 231688.9],
        [0.2104, 137008.3],
        [0.2105, 156687.2],
        [0.2106, 15275.8],
        [0.2107, 52587.2],
        [0.2108, 73552.5],
        [0.2109, 217.5],
        [0.211, 87931.3],
        [0.2111, 818739.8],
        [0.2112, 61122.5],
        [0.2113, 11977.7],
        [0.2114, 340033.7],
        [0.2115, 13832.4],
        [0.2116, 28543.4],
        [0.2117, 160.7],
        [0.2118, 5],
        [0.2119, 24106.1],
        [0.212, 30959.1],
        [0.2121, 74120.2],
        [0.2122, 5],
        [0.2123, 39950.1],
        [0.2124, 106.4],
        [0.2125, 25006],
        [0.2126, 27947],
        [0.2127, 314.6],
        [0.2128, 48268.1],
        [0.2129, 13080.9],
        [0.213, 672.3],
        [0.2131, 250],
        [0.2132, 105],
        [0.2133, 14096],
        [0.2134, 380.7],
        [0.2135, 3837.7],
        [0.2136, 108.1],
        [0.2137, 2609.8],
        [0.2138, 653.5],
        [0.2139, 366.1],
        [0.214, 15893.6],
        [0.2141, 100006],
        [0.2142, 2233.8],
        [0.2143, 82.8],
        [0.2144, 6334.7],
        [0.2145, 112.8],
        [0.2146, 148],
        [0.2147, 311.7],
        [0.2148, 707.4],
        [0.2149, 71897.1],
        [0.215, 551959.5],
        [0.2151, 100031.2],
        [0.2152, 303.4],
        [0.2153, 14304],
        [0.2154, 30680.7],
        [0.2155, 12965.6],
        [0.2156, 12157.3],
        [0.2157, 669.9],
        [0.2158, 3560.8],
        [0.2159, 15097.6],
        [0.216, 165.3],
        [0.2161, 479.8],
        [0.2162, 627.6],
        [0.2163, 105],
        [0.2164, 285.4],
        [0.2165, 26192.6],
        [0.2166, 98286.5],
        [0.2167, 308.8],
        [0.2168, 4851.9],
        [0.2169, 1174.6],
        [0.217, 144330.4],
        [0.2171, 14617.3],
        [0.2172, 378],
        [0.2173, 3685],
        [0.2174, 480.6],
        [0.2175, 4080.5],
        [0.2176, 78.5],
        [0.2177, 4724.4],
        [0.2178, 13553.3],
        [0.2179, 426.3],
        [0.218, 239164.7],
        [0.2181, 90.7],
        [0.2182, 16416.4],
        [0.2183, 438.2],
        [0.2184, 392.1],
        [0.2185, 2588.3],
        [0.2186, 144.9],
        [0.2187, 1585.4],
        [0.2188, 4100.6],
        [0.2189, 99156.7],
        [0.219, 698773.3],
        [0.2191, 631558.1],
        [0.2192, 2540.7],
        [0.2193, 45],
        [0.2194, 2345],
        [0.2195, 1066.4],
        [0.2196, 480.4],
        [0.2197, 1308],
        [0.2198, 4264.4]],
  'b': [[0.2098, 72880.7],
        [0.2097, 122785.2],
        [0.2096, 276995.7],
        [0.2095, 234032.8],
        [0.2094, 324122],
        [0.2093, 98008.6],
        [0.2092, 87969.3],
        [0.2091, 159481.9],
        [0.209, 56361.4],
        [0.2089, 30608.4],
        [0.2088, 583172.2],
        [0.2087, 340.5],
        [0.2086, 259925.2],
        [0.2085, 27235.7],
        [0.2084, 10444.8],
        [0.2083, 558.6],
        [0.2082, 28930.2],
        [0.2081, 12012.8],
        [0.208, 511137.5],
        [0.2079, 1341297.8],
        [0.2078, 103339.8],
        [0.2077, 37168.4],
        [0.2076, 2268.7],
        [0.2075, 367975.4],
        [0.2074, 124.9],
        [0.2073, 36393.2],
        [0.2072, 2156.4],
        [0.2071, 16985],
        [0.207, 212681.7],
        [0.2069, 69392.6],
        [0.2068, 5871.8],
        [0.2067, 1269.3],
        [0.2066, 3872.2],
        [0.2065, 7525.2],
        [0.2064, 34.5],
        [0.2063, 12462.6],
        [0.2062, 507.7],
        [0.2061, 4081.4],
        [0.206, 184263.4],
        [0.2059, 32391],
        [0.2058, 108515.4],
        [0.2057, 15189],
        [0.2056, 1180.2],
        [0.2055, 50657.2],
        [0.2054, 1548.1],
        [0.2053, 470.6],
        [0.2052, 15386.4],
        [0.2051, 52857.5],
        [0.205, 225542.4],
        [0.2049, 24778.4],
        [0.2048, 7006.1],
        [0.2047, 4010.7],
        [0.2046, 5420.8],
        [0.2045, 2735.1],
        [0.2044, 1744],
        [0.2043, 1915.9],
        [0.2042, 10324.5],
        [0.2041, 575.5],
        [0.204, 1675],
        [0.2039, 1694.1],
        [0.2038, 259928.3],
        [0.2037, 480.7],
        [0.2036, 2646.6],
        [0.2035, 26593.8],
        [0.2034, 2245],
        [0.2033, 69553.7],
        [0.2032, 1805.6],
        [0.2031, 2000],
        [0.203, 1662.9],
        [0.2029, 233.9],
        [0.2028, 100.3],
        [0.2027, 199.3],
        [0.2026, 320.3],
        [0.2025, 676.7],
        [0.2023, 229.2],
        [0.2022, 1392.6],
        [0.2021, 226.2],
        [0.202, 19506.3],
        [0.2019, 347.3],
        [0.2018, 1697.6],
        [0.2017, 350.1],
        [0.2016, 9933.7],
        [0.2015, 5545.8],
        [0.2014, 328.1],
        [0.2013, 150.2],
        [0.2012, 1015.8],
        [0.2011, 4750],
        [0.201, 23877.5],
        [0.2009, 65.5],
        [0.2008, 20503.2],
        [0.2007, 561.1],
        [0.2006, 70.1],
        [0.2005, 1997.7],
        [0.2004, 1621.3],
        [0.2003, 47151],
        [0.2002, 50248.2],
        [0.2001, 881.4],
        [0.2, 1671399.5],
        [0.1999, 26062.8],
        [0.1998, 257.4]],
  'ev': 'XL2',
  'pair': 'DOGE-USD',
  'r': 1627830396759,
  't': 1627830396752,
  'x': 1}]
Recivin messages
[{'a': [[0.2099, 35683.7],
        [0.21, 181799.9],
        [0.2101, 165317.9],
        [0.2102, 209030.8],
        [0.2103, 231688.9],
        [0.2104, 137008.3],
        [0.2105, 156687.2],
        [0.2106, 15275.8],
        [0.2107, 52587.2],
        [0.2108, 73552.5],
        [0.2109, 217.5],
        [0.211, 87931.3],
        [0.2111, 818739.8],
        [0.2112, 61122.5],
        [0.2113, 11977.7],
        [0.2114, 340033.7],
        [0.2115, 13832.4],
        [0.2116, 28543.4],
        [0.2117, 160.7],
        [0.2118, 5],
        [0.2119, 24106.1],
        [0.212, 30959.1],
        [0.2121, 74120.2],
        [0.2122, 5],
        [0.2123, 39950.1],
        [0.2124, 106.4],
        [0.2125, 25006],
        [0.2126, 27947],
        [0.2127, 314.6],
        [0.2128, 48268.1],
        [0.2129, 13080.9],
        [0.213, 672.3],
        [0.2131, 250],
        [0.2132, 105],
        [0.2133, 14096],
        [0.2134, 380.7],
        [0.2135, 3837.7],
        [0.2136, 108.1],
        [0.2137, 2609.8],
        [0.2138, 653.5],
        [0.2139, 366.1],
        [0.214, 15893.6],
        [0.2141, 100006],
        [0.2142, 2233.8],
        [0.2143, 82.8],
        [0.2144, 6334.7],
        [0.2145, 112.8],
        [0.2146, 148],
        [0.2147, 311.7],
        [0.2148, 707.4],
        [0.2149, 71897.1],
        [0.215, 551959.5],
        [0.2151, 100031.2],
        [0.2152, 303.4],
        [0.2153, 14304],
        [0.2154, 30680.7],
        [0.2155, 12965.6],
        [0.2156, 12157.3],
        [0.2157, 669.9],
        [0.2158, 3560.8],
        [0.2159, 15097.6],
        [0.216, 165.3],
        [0.2161, 479.8],
        [0.2162, 627.6],
        [0.2163, 105],
        [0.2164, 285.4],
        [0.2165, 26192.6],
        [0.2166, 98286.5],
        [0.2167, 308.8],
        [0.2168, 4851.9],
        [0.2169, 1174.6],
        [0.217, 144330.4],
        [0.2171, 14617.3],
        [0.2172, 378],
        [0.2173, 3685],
        [0.2174, 480.6],
        [0.2175, 4080.5],
        [0.2176, 78.5],
        [0.2177, 4724.4],
        [0.2178, 13553.3],
        [0.2179, 426.3],
        [0.218, 239164.7],
        [0.2181, 90.7],
        [0.2182, 16416.4],
        [0.2183, 438.2],
        [0.2184, 392.1],
        [0.2185, 2588.3],
        [0.2186, 144.9],
        [0.2187, 1585.4],
        [0.2188, 4100.6],
        [0.2189, 99156.7],
        [0.219, 698773.3],
        [0.2191, 631558.1],
        [0.2192, 2540.7],
        [0.2193, 45],
        [0.2194, 2345],
        [0.2195, 1066.4],
        [0.2196, 480.4],
        [0.2197, 1308],
        [0.2198, 4264.4]],
  'b': [[0.2098, 72880.7],
        [0.2097, 122785.2],
        [0.2096, 276995.7],
        [0.2095, 234032.8],
        [0.2094, 324122],
        [0.2093, 98008.6],
        [0.2092, 87969.3],
        [0.2091, 159481.9],
        [0.209, 56361.4],
        [0.2089, 30608.4],
        [0.2088, 583172.2],
        [0.2087, 340.5],
        [0.2086, 259925.2],
        [0.2085, 27235.7],
        [0.2084, 10444.8],
        [0.2083, 558.6],
        [0.2082, 28930.2],
        [0.2081, 12012.8],
        [0.208, 511137.5],
        [0.2079, 1341297.8],
        [0.2078, 103339.8],
        [0.2077, 37168.4],
        [0.2076, 2268.7],
        [0.2075, 367975.4],
        [0.2074, 124.9],
        [0.2073, 36393.2],
        [0.2072, 2156.4],
        [0.2071, 16985],
        [0.207, 212681.7],
        [0.2069, 69392.6],
        [0.2068, 5871.8],
        [0.2067, 1269.3],
        [0.2066, 3872.2],
        [0.2065, 7525.2],
        [0.2064, 34.5],
        [0.2063, 12462.6],
        [0.2062, 507.7],
        [0.2061, 4081.4],
        [0.206, 184263.4],
        [0.2059, 32391],
        [0.2058, 108515.4],
        [0.2057, 15189],
        [0.2056, 1180.2],
        [0.2055, 50657.2],
        [0.2054, 1548.1],
        [0.2053, 470.6],
        [0.2052, 15386.4],
        [0.2051, 52857.5],
        [0.205, 225542.4],
        [0.2049, 24778.4],
        [0.2048, 7006.1],
        [0.2047, 4010.7],
        [0.2046, 5420.8],
        [0.2045, 2735.1],
        [0.2044, 1744],
        [0.2043, 1915.9],
        [0.2042, 10324.5],
        [0.2041, 575.5],
        [0.204, 1675],
        [0.2039, 1694.1],
        [0.2038, 259928.3],
        [0.2037, 480.7],
        [0.2036, 2646.6],
        [0.2035, 26593.8],
        [0.2034, 2245],
        [0.2033, 69553.7],
        [0.2032, 1805.6],
        [0.2031, 2000],
        [0.203, 1662.9],
        [0.2029, 233.9],
        [0.2028, 100.3],
        [0.2027, 199.3],
        [0.2026, 320.3],
        [0.2025, 676.7],
        [0.2023, 229.2],
        [0.2022, 1392.6],
        [0.2021, 226.2],
        [0.202, 19506.3],
        [0.2019, 347.3],
        [0.2018, 1697.6],
        [0.2017, 350.1],
        [0.2016, 9933.7],
        [0.2015, 5545.8],
        [0.2014, 328.1],
        [0.2013, 150.2],
        [0.2012, 1015.8],
        [0.2011, 4750],
        [0.201, 23877.5],
        [0.2009, 65.5],
        [0.2008, 20503.2],
        [0.2007, 561.1],
        [0.2006, 70.1],
        [0.2005, 1997.7],
        [0.2004, 1621.3],
        [0.2003, 47151],
        [0.2002, 50248.2],
        [0.2001, 881.4],
        [0.2, 1671399.5],
        [0.1999, 26062.8],
        [0.1998, 257.4]],
  'ev': 'XL2',
  'pair': 'DOGE-USD',
  'r': 1627830396771,
  't': 1627830396764,
  'x': 1}]
Recivin messages
[{'a': [[0.2099, 57617.3],
        [0.21, 181799.9],
        [0.2101, 165317.9],
        [0.2102, 209030.8],
        [0.2103, 231688.9],
        [0.2104, 137008.3],
        [0.2105, 156687.2],
        [0.2106, 15275.8],
        [0.2107, 52587.2],
        [0.2108, 73552.5],
        [0.2109, 217.5],
        [0.211, 87931.3],
        [0.2111, 818739.8],
        [0.2112, 61122.5],
        [0.2113, 11977.7],
        [0.2114, 340033.7],
        [0.2115, 13832.4],
        [0.2116, 28543.4],
        [0.2117, 160.7],
        [0.2118, 5],
        [0.2119, 24106.1],
        [0.212, 30959.1],
        [0.2121, 74120.2],
        [0.2122, 5],
        [0.2123, 39950.1],
        [0.2124, 106.4],
        [0.2125, 25006],
        [0.2126, 27947],
        [0.2127, 314.6],
        [0.2128, 48268.1],
        [0.2129, 13080.9],
        [0.213, 672.3],
        [0.2131, 250],
        [0.2132, 105],
        [0.2133, 14096],
        [0.2134, 380.7],
        [0.2135, 3837.7],
        [0.2136, 108.1],
        [0.2137, 2609.8],
        [0.2138, 653.5],
        [0.2139, 366.1],
        [0.214, 15893.6],
        [0.2141, 100006],
        [0.2142, 2233.8],
        [0.2143, 82.8],
        [0.2144, 6334.7],
        [0.2145, 112.8],
        [0.2146, 148],
        [0.2147, 311.7],
        [0.2148, 707.4],
        [0.2149, 71897.1],
        [0.215, 551959.5],
        [0.2151, 100031.2],
        [0.2152, 303.4],
        [0.2153, 14304],
        [0.2154, 30680.7],
        [0.2155, 12965.6],
        [0.2156, 12157.3],
        [0.2157, 669.9],
        [0.2158, 3560.8],
        [0.2159, 15097.6],
        [0.216, 165.3],
        [0.2161, 479.8],
        [0.2162, 627.6],
        [0.2163, 105],
        [0.2164, 285.4],
        [0.2165, 26192.6],
        [0.2166, 98286.5],
        [0.2167, 308.8],
        [0.2168, 4851.9],
        [0.2169, 1174.6],
        [0.217, 144330.4],
        [0.2171, 14617.3],
        [0.2172, 378],
        [0.2173, 3685],
        [0.2174, 480.6],
        [0.2175, 4080.5],
        [0.2176, 78.5],
        [0.2177, 4724.4],
        [0.2178, 13553.3],
        [0.2179, 426.3],
        [0.218, 239164.7],
        [0.2181, 90.7],
        [0.2182, 16416.4],
        [0.2183, 438.2],
        [0.2184, 392.1],
        [0.2185, 2588.3],
        [0.2186, 144.9],
        [0.2187, 1585.4],
        [0.2188, 4100.6],
        [0.2189, 99156.7],
        [0.219, 698773.3],
        [0.2191, 631558.1],
        [0.2192, 2540.7],
        [0.2193, 45],
        [0.2194, 2345],
        [0.2195, 1066.4],
        [0.2196, 480.4],
        [0.2197, 1308],
        [0.2198, 4264.4]],
  'b': [[0.2098, 72880.7],
        [0.2097, 122785.2],
        [0.2096, 276995.7],
        [0.2095, 234032.8],
        [0.2094, 324122],
        [0.2093, 98008.6],
        [0.2092, 87969.3],
        [0.2091, 159481.9],
        [0.209, 56361.4],
        [0.2089, 30608.4],
        [0.2088, 583172.2],
        [0.2087, 340.5],
        [0.2086, 259925.2],
        [0.2085, 27235.7],
        [0.2084, 10444.8],
        [0.2083, 558.6],
        [0.2082, 28930.2],
        [0.2081, 12012.8],
        [0.208, 511137.5],
        [0.2079, 1341297.8],
        [0.2078, 103339.8],
        [0.2077, 37168.4],
        [0.2076, 2268.7],
        [0.2075, 367975.4],
        [0.2074, 124.9],
        [0.2073, 36393.2],
        [0.2072, 2156.4],
        [0.2071, 16985],
        [0.207, 212681.7],
        [0.2069, 69392.6],
        [0.2068, 5871.8],
        [0.2067, 1269.3],
        [0.2066, 3872.2],
        [0.2065, 7525.2],
        [0.2064, 34.5],
        [0.2063, 12462.6],
        [0.2062, 507.7],
        [0.2061, 4081.4],
        [0.206, 184263.4],
        [0.2059, 32391],
        [0.2058, 108515.4],
        [0.2057, 15189],
        [0.2056, 1180.2],
        [0.2055, 50657.2],
        [0.2054, 1548.1],
        [0.2053, 470.6],
        [0.2052, 15386.4],
        [0.2051, 52857.5],
        [0.205, 225542.4],
        [0.2049, 24778.4],
        [0.2048, 7006.1],
        [0.2047, 4010.7],
        [0.2046, 5420.8],
        [0.2045, 2735.1],
        [0.2044, 1744],
        [0.2043, 1915.9],
        [0.2042, 10324.5],
        [0.2041, 575.5],
        [0.204, 1675],
        [0.2039, 1694.1],
        [0.2038, 259928.3],
        [0.2037, 480.7],
        [0.2036, 2646.6],
        [0.2035, 26593.8],
        [0.2034, 2245],
        [0.2033, 69553.7],
        [0.2032, 1805.6],
        [0.2031, 2000],
        [0.203, 1662.9],
        [0.2029, 233.9],
        [0.2028, 100.3],
        [0.2027, 199.3],
        [0.2026, 320.3],
        [0.2025, 676.7],
        [0.2023, 229.2],
        [0.2022, 1392.6],
        [0.2021, 226.2],
        [0.202, 19506.3],
        [0.2019, 347.3],
        [0.2018, 1697.6],
        [0.2017, 350.1],
        [0.2016, 9933.7],
        [0.2015, 5545.8],
        [0.2014, 328.1],
        [0.2013, 150.2],
        [0.2012, 1015.8],
        [0.2011, 4750],
        [0.201, 23877.5],
        [0.2009, 65.5],
        [0.2008, 20503.2],
        [0.2007, 561.1],
        [0.2006, 70.1],
        [0.2005, 1997.7],
        [0.2004, 1621.3],
        [0.2003, 47151],
        [0.2002, 50248.2],
        [0.2001, 881.4],
        [0.2, 1671399.5],
        [0.1999, 26062.8],
        [0.1998, 257.4]],
  'ev': 'XL2',
  'pair': 'DOGE-USD',
  'r': 1627830396786,
  't': 1627830396780,
  'x': 1}]
Recivin messages
[{'a': [[0.2099, 57617.3],
        [0.21, 181799.9],
        [0.2101, 165317.9],
        [0.2102, 209030.8],
        [0.2103, 231688.9],
        [0.2104, 137008.3],
        [0.2105, 156687.2],
        [0.2106, 15275.8],
        [0.2107, 52587.2],
        [0.2108, 73552.5],
        [0.2109, 217.5],
        [0.211, 87931.3],
        [0.2111, 818739.8],
        [0.2112, 61122.5],
        [0.2113, 11977.7],
        [0.2114, 340033.7],
        [0.2115, 13832.4],
        [0.2116, 28543.4],
        [0.2117, 160.7],
        [0.2118, 5],
        [0.2119, 24106.1],
        [0.212, 30959.1],
        [0.2121, 74120.2],
        [0.2122, 5],
        [0.2123, 39950.1],
        [0.2124, 106.4],
        [0.2125, 25006],
        [0.2126, 27947],
        [0.2127, 314.6],
        [0.2128, 48268.1],
        [0.2129, 13080.9],
        [0.213, 672.3],
        [0.2131, 250],
        [0.2132, 105],
        [0.2133, 14096],
        [0.2134, 380.7],
        [0.2135, 3837.7],
        [0.2136, 108.1],
        [0.2137, 2609.8],
        [0.2138, 653.5],
        [0.2139, 366.1],
        [0.214, 15893.6],
        [0.2141, 100006],
        [0.2142, 2233.8],
        [0.2143, 82.8],
        [0.2144, 6334.7],
        [0.2145, 112.8],
        [0.2146, 148],
        [0.2147, 311.7],
        [0.2148, 707.4],
        [0.2149, 71897.1],
        [0.215, 551959.5],
        [0.2151, 100031.2],
        [0.2152, 303.4],
        [0.2153, 14304],
        [0.2154, 30680.7],
        [0.2155, 12965.6],
        [0.2156, 12157.3],
        [0.2157, 669.9],
        [0.2158, 3560.8],
        [0.2159, 15097.6],
        [0.216, 165.3],
        [0.2161, 479.8],
        [0.2162, 627.6],
        [0.2163, 105],
        [0.2164, 285.4],
        [0.2165, 26192.6],
        [0.2166, 98286.5],
        [0.2167, 308.8],
        [0.2168, 4851.9],
        [0.2169, 1174.6],
        [0.217, 144330.4],
        [0.2171, 14617.3],
        [0.2172, 378],
        [0.2173, 3685],
        [0.2174, 480.6],
        [0.2175, 4080.5],
        [0.2176, 78.5],
        [0.2177, 4724.4],
        [0.2178, 13553.3],
        [0.2179, 426.3],
        [0.218, 239164.7],
        [0.2181, 90.7],
        [0.2182, 16416.4],
        [0.2183, 438.2],
        [0.2184, 392.1],
        [0.2185, 2588.3],
        [0.2186, 144.9],
        [0.2187, 1585.4],
        [0.2188, 4100.6],
        [0.2189, 99156.7],
        [0.219, 698773.3],
        [0.2191, 631558.1],
        [0.2192, 2540.7],
        [0.2193, 45],
        [0.2194, 2345],
        [0.2195, 1066.4],
        [0.2196, 480.4],
        [0.2197, 1308],
        [0.2198, 4264.4]],
  'b': [[0.2098, 72880.7],
        [0.2097, 122785.2],
        [0.2096, 277559.2],
        [0.2095, 234032.8],
        [0.2094, 324122],
        [0.2093, 98008.6],
        [0.2092, 87969.3],
        [0.2091, 159481.9],
        [0.209, 56361.4],
        [0.2089, 30608.4],
        [0.2088, 583172.2],
        [0.2087, 340.5],
        [0.2086, 259925.2],
        [0.2085, 27235.7],
        [0.2084, 10444.8],
        [0.2083, 558.6],
        [0.2082, 28930.2],
        [0.2081, 12012.8],
        [0.208, 511137.5],
        [0.2079, 1341297.8],
        [0.2078, 103339.8],
        [0.2077, 37168.4],
        [0.2076, 2268.7],
        [0.2075, 367975.4],
        [0.2074, 124.9],
        [0.2073, 36393.2],
        [0.2072, 2156.4],
        [0.2071, 16985],
        [0.207, 212681.7],
        [0.2069, 69392.6],
        [0.2068, 5871.8],
        [0.2067, 1269.3],
        [0.2066, 3872.2],
        [0.2065, 7525.2],
        [0.2064, 34.5],
        [0.2063, 12462.6],
        [0.2062, 507.7],
        [0.2061, 4081.4],
        [0.206, 184263.4],
        [0.2059, 32391],
        [0.2058, 108515.4],
        [0.2057, 15189],
        [0.2056, 1180.2],
        [0.2055, 50657.2],
        [0.2054, 1548.1],
        [0.2053, 470.6],
        [0.2052, 15386.4],
        [0.2051, 52857.5],
        [0.205, 225542.4],
        [0.2049, 24778.4],
        [0.2048, 7006.1],
        [0.2047, 4010.7],
        [0.2046, 5420.8],
        [0.2045, 2735.1],
        [0.2044, 1744],
        [0.2043, 1915.9],
        [0.2042, 10324.5],
        [0.2041, 575.5],
        [0.204, 1675],
        [0.2039, 1694.1],
        [0.2038, 259928.3],
        [0.2037, 480.7],
        [0.2036, 2646.6],
        [0.2035, 26593.8],
        [0.2034, 2245],
        [0.2033, 69553.7],
        [0.2032, 1805.6],
        [0.2031, 2000],
        [0.203, 1662.9],
        [0.2029, 233.9],
        [0.2028, 100.3],
        [0.2027, 199.3],
        [0.2026, 320.3],
        [0.2025, 676.7],
        [0.2023, 229.2],
        [0.2022, 1392.6],
        [0.2021, 226.2],
        [0.202, 19506.3],
        [0.2019, 347.3],
        [0.2018, 1697.6],
        [0.2017, 350.1],
        [0.2016, 9933.7],
        [0.2015, 5545.8],
        [0.2014, 328.1],
        [0.2013, 150.2],
        [0.2012, 1015.8],
        [0.2011, 4750],
        [0.201, 23877.5],
        [0.2009, 65.5],
        [0.2008, 20503.2],
        [0.2007, 561.1],
        [0.2006, 70.1],
        [0.2005, 1997.7],
        [0.2004, 1621.3],
        [0.2003, 47151],
        [0.2002, 50248.2],
        [0.2001, 881.4],
        [0.2, 1671399.5],
        [0.1999, 26062.8],
        [0.1998, 257.4]],
  'ev': 'XL2',
  'pair': 'DOGE-USD',
  'r': 1627830396798,
  't': 1627830396792,
  'x': 1}]
Recivin messages
[{'a': [[0.2099, 57617.3],
        [0.21, 181799.9],
        [0.2101, 165317.9],
        [0.2102, 209030.8],
        [0.2103, 231688.9],
        [0.2104, 137008.3],
        [0.2105, 156687.2],
        [0.2106, 15275.8],
        [0.2107, 52587.2],
        [0.2108, 73552.5],
        [0.2109, 217.5],
        [0.211, 87931.3],
        [0.2111, 818739.8],
        [0.2112, 61122.5],
        [0.2113, 11977.7],
        [0.2114, 340033.7],
        [0.2115, 13832.4],
        [0.2116, 28543.4],
        [0.2117, 160.7],
        [0.2118, 5],
        [0.2119, 24106.1],
        [0.212, 30959.1],
        [0.2121, 74120.2],
        [0.2122, 5],
        [0.2123, 39950.1],
        [0.2124, 106.4],
        [0.2125, 25006],
        [0.2126, 27947],
        [0.2127, 314.6],
        [0.2128, 48268.1],
        [0.2129, 13080.9],
        [0.213, 672.3],
        [0.2131, 250],
        [0.2132, 105],
        [0.2133, 14096],
        [0.2134, 380.7],
        [0.2135, 3837.7],
        [0.2136, 108.1],
        [0.2137, 2609.8],
        [0.2138, 653.5],
        [0.2139, 366.1],
        [0.214, 15893.6],
        [0.2141, 100006],
        [0.2142, 2233.8],
        [0.2143, 82.8],
        [0.2144, 6334.7],
        [0.2145, 112.8],
        [0.2146, 148],
        [0.2147, 311.7],
        [0.2148, 707.4],
        [0.2149, 71897.1],
        [0.215, 551959.5],
        [0.2151, 100031.2],
        [0.2152, 303.4],
        [0.2153, 14304],
        [0.2154, 30680.7],
        [0.2155, 12965.6],
        [0.2156, 12157.3],
        [0.2157, 669.9],
        [0.2158, 3560.8],
        [0.2159, 15097.6],
        [0.216, 165.3],
        [0.2161, 479.8],
        [0.2162, 627.6],
        [0.2163, 105],
        [0.2164, 285.4],
        [0.2165, 26192.6],
        [0.2166, 98286.5],
        [0.2167, 308.8],
        [0.2168, 4851.9],
        [0.2169, 1174.6],
        [0.217, 144330.4],
        [0.2171, 14617.3],
        [0.2172, 378],
        [0.2173, 3685],
        [0.2174, 480.6],
        [0.2175, 4080.5],
        [0.2176, 78.5],
        [0.2177, 4724.4],
        [0.2178, 13553.3],
        [0.2179, 426.3],
        [0.218, 239164.7],
        [0.2181, 90.7],
        [0.2182, 16416.4],
        [0.2183, 438.2],
        [0.2184, 392.1],
        [0.2185, 2588.3],
        [0.2186, 144.9],
        [0.2187, 1585.4],
        [0.2188, 4100.6],
        [0.2189, 99156.7],
        [0.219, 698773.3],
        [0.2191, 631558.1],
        [0.2192, 2540.7],
        [0.2193, 45],
        [0.2194, 2345],
        [0.2195, 1066.4],
        [0.2196, 480.4],
        [0.2197, 1308],
        [0.2198, 4264.4]],
  'b': [[0.2098, 72880.7],
        [0.2097, 122449.8],
        [0.2096, 277559.2],
        [0.2095, 234032.8],
        [0.2094, 324122],
        [0.2093, 98008.6],
        [0.2092, 87969.3],
        [0.2091, 159481.9],
        [0.209, 56361.4],
        [0.2089, 30608.4],
        [0.2088, 583172.2],
        [0.2087, 340.5],
        [0.2086, 259925.2],
        [0.2085, 27235.7],
        [0.2084, 10444.8],
        [0.2083, 558.6],
        [0.2082, 28930.2],
        [0.2081, 12012.8],
        [0.208, 511137.5],
        [0.2079, 1341297.8],
        [0.2078, 103339.8],
        [0.2077, 37168.4],
        [0.2076, 2268.7],
        [0.2075, 367975.4],
        [0.2074, 124.9],
        [0.2073, 36393.2],
        [0.2072, 2156.4],
        [0.2071, 16985],
        [0.207, 212681.7],
        [0.2069, 69392.6],
        [0.2068, 5871.8],
        [0.2067, 1269.3],
        [0.2066, 3872.2],
        [0.2065, 7525.2],
        [0.2064, 34.5],
        [0.2063, 12462.6],
        [0.2062, 507.7],
        [0.2061, 4081.4],
        [0.206, 184263.4],
        [0.2059, 32391],
        [0.2058, 108515.4],
        [0.2057, 15189],
        [0.2056, 1180.2],
        [0.2055, 50657.2],
        [0.2054, 1548.1],
        [0.2053, 470.6],
        [0.2052, 15386.4],
        [0.2051, 52857.5],
        [0.205, 225542.4],
        [0.2049, 24778.4],
        [0.2048, 7006.1],
        [0.2047, 4010.7],
        [0.2046, 5420.8],
        [0.2045, 2735.1],
        [0.2044, 1744],
        [0.2043, 1915.9],
        [0.2042, 10324.5],
        [0.2041, 575.5],
        [0.204, 1675],
        [0.2039, 1694.1],
        [0.2038, 259928.3],
        [0.2037, 480.7],
        [0.2036, 2646.6],
        [0.2035, 26593.8],
        [0.2034, 2245],
        [0.2033, 69553.7],
        [0.2032, 1805.6],
        [0.2031, 2000],
        [0.203, 1662.9],
        [0.2029, 233.9],
        [0.2028, 100.3],
        [0.2027, 199.3],
        [0.2026, 320.3],
        [0.2025, 676.7],
        [0.2023, 229.2],
        [0.2022, 1392.6],
        [0.2021, 226.2],
        [0.202, 19506.3],
        [0.2019, 347.3],
        [0.2018, 1697.6],
        [0.2017, 350.1],
        [0.2016, 9933.7],
        [0.2015, 5545.8],
        [0.2014, 328.1],
        [0.2013, 150.2],
        [0.2012, 1015.8],
        [0.2011, 4750],
        [0.201, 23877.5],
        [0.2009, 65.5],
        [0.2008, 20503.2],
        [0.2007, 561.1],
        [0.2006, 70.1],
        [0.2005, 1997.7],
        [0.2004, 1621.3],
        [0.2003, 47151],
        [0.2002, 50248.2],
        [0.2001, 881.4],
        [0.2, 1671399.5],
        [0.1999, 26062.8],
        [0.1998, 257.4]],
  'ev': 'XL2',
  'pair': 'DOGE-USD',
  'r': 1627830396805,
  't': 1627830396798,
  'x': 1}]
Recivin messages
[{'a': [[0.2099, 57617.3],
        [0.21, 181799.9],
        [0.2101, 165317.9],
        [0.2102, 209030.8],
        [0.2103, 231688.9],
        [0.2104, 137008.3],
        [0.2105, 156687.2],
        [0.2106, 15275.8],
        [0.2107, 52587.2],
        [0.2108, 73552.5],
        [0.2109, 217.5],
        [0.211, 87931.3],
        [0.2111, 818739.8],
        [0.2112, 61122.5],
        [0.2113, 11977.7],
        [0.2114, 340033.7],
        [0.2115, 13832.4],
        [0.2116, 28543.4],
        [0.2117, 160.7],
        [0.2118, 5],
        [0.2119, 24106.1],
        [0.212, 30959.1],
        [0.2121, 74120.2],
        [0.2122, 5],
        [0.2123, 39950.1],
        [0.2124, 106.4],
        [0.2125, 25006],
        [0.2126, 27947],
        [0.2127, 314.6],
        [0.2128, 48268.1],
        [0.2129, 13080.9],
        [0.213, 672.3],
        [0.2131, 250],
        [0.2132, 105],
        [0.2133, 14096],
        [0.2134, 380.7],
        [0.2135, 3837.7],
        [0.2136, 108.1],
        [0.2137, 2609.8],
        [0.2138, 653.5],
        [0.2139, 366.1],
        [0.214, 15893.6],
        [0.2141, 100006],
        [0.2142, 2233.8],
        [0.2143, 82.8],
        [0.2144, 6334.7],
        [0.2145, 112.8],
        [0.2146, 148],
        [0.2147, 311.7],
        [0.2148, 707.4],
        [0.2149, 71897.1],
        [0.215, 551959.5],
        [0.2151, 100031.2],
        [0.2152, 303.4],
        [0.2153, 14304],
        [0.2154, 30680.7],
        [0.2155, 12965.6],
        [0.2156, 12157.3],
        [0.2157, 669.9],
        [0.2158, 3560.8],
        [0.2159, 15097.6],
        [0.216, 165.3],
        [0.2161, 479.8],
        [0.2162, 627.6],
        [0.2163, 105],
        [0.2164, 285.4],
        [0.2165, 26192.6],
        [0.2166, 98286.5],
        [0.2167, 308.8],
        [0.2168, 4851.9],
        [0.2169, 1174.6],
        [0.217, 144330.4],
        [0.2171, 14617.3],
        [0.2172, 378],
        [0.2173, 3685],
        [0.2174, 480.6],
        [0.2175, 4080.5],
        [0.2176, 78.5],
        [0.2177, 4724.4],
        [0.2178, 13553.3],
        [0.2179, 426.3],
        [0.218, 239164.7],
        [0.2181, 90.7],
        [0.2182, 16416.4],
        [0.2183, 438.2],
        [0.2184, 392.1],
        [0.2185, 2588.3],
        [0.2186, 144.9],
        [0.2187, 1585.4],
        [0.2188, 4100.6],
        [0.2189, 99156.7],
        [0.219, 698773.3],
        [0.2191, 631558.1],
        [0.2192, 2540.7],
        [0.2193, 45],
        [0.2194, 2345],
        [0.2195, 1066.4],
        [0.2196, 480.4],
        [0.2197, 1308],
        [0.2198, 4264.4]],
  'b': [[0.2098, 67974.5],
        [0.2097, 122449.8],
        [0.2096, 277559.2],
        [0.2095, 234032.8],
        [0.2094, 324122],
        [0.2093, 98008.6],
        [0.2092, 87969.3],
        [0.2091, 159481.9],
        [0.209, 56361.4],
        [0.2089, 30608.4],
        [0.2088, 583172.2],
        [0.2087, 340.5],
        [0.2086, 259925.2],
        [0.2085, 27235.7],
        [0.2084, 10444.8],
        [0.2083, 558.6],
        [0.2082, 28930.2],
        [0.2081, 12012.8],
        [0.208, 511137.5],
        [0.2079, 1341297.8],
        [0.2078, 103339.8],
        [0.2077, 37168.4],
        [0.2076, 2268.7],
        [0.2075, 367975.4],
        [0.2074, 124.9],
        [0.2073, 36393.2],
        [0.2072, 2156.4],
        [0.2071, 16985],
        [0.207, 212681.7],
        [0.2069, 69392.6],
        [0.2068, 5871.8],
        [0.2067, 1269.3],
        [0.2066, 3872.2],
        [0.2065, 7525.2],
        [0.2064, 34.5],
        [0.2063, 12462.6],
        [0.2062, 507.7],
        [0.2061, 4081.4],
        [0.206, 184263.4],
        [0.2059, 32391],
        [0.2058, 108515.4],
        [0.2057, 15189],
        [0.2056, 1180.2],
        [0.2055, 50657.2],
        [0.2054, 1548.1],
        [0.2053, 470.6],
        [0.2052, 15386.4],
        [0.2051, 52857.5],
        [0.205, 225542.4],
        [0.2049, 24778.4],
        [0.2048, 7006.1],
        [0.2047, 4010.7],
        [0.2046, 5420.8],
        [0.2045, 2735.1],
        [0.2044, 1744],
        [0.2043, 1915.9],
        [0.2042, 10324.5],
        [0.2041, 575.5],
        [0.204, 1675],
        [0.2039, 1694.1],
        [0.2038, 259928.3],
        [0.2037, 480.7],
        [0.2036, 2646.6],
        [0.2035, 26593.8],
        [0.2034, 2245],
        [0.2033, 69553.7],
        [0.2032, 1805.6],
        [0.2031, 2000],
        [0.203, 1662.9],
        [0.2029, 233.9],
        [0.2028, 100.3],
        [0.2027, 199.3],
        [0.2026, 320.3],
        [0.2025, 676.7],
        [0.2023, 229.2],
        [0.2022, 1392.6],
        [0.2021, 226.2],
        [0.202, 19506.3],
        [0.2019, 347.3],
        [0.2018, 1697.6],
        [0.2017, 350.1],
        [0.2016, 9933.7],
        [0.2015, 5545.8],
        [0.2014, 328.1],
        [0.2013, 150.2],
        [0.2012, 1015.8],
        [0.2011, 4750],
        [0.201, 23877.5],
        [0.2009, 65.5],
        [0.2008, 20503.2],
        [0.2007, 561.1],
        [0.2006, 70.1],
        [0.2005, 1997.7],
        [0.2004, 1621.3],
        [0.2003, 47151],
        [0.2002, 50248.2],
        [0.2001, 881.4],
        [0.2, 1671399.5],
        [0.1999, 26062.8],
        [0.1998, 257.4]],
  'ev': 'XL2',
  'pair': 'DOGE-USD',
  'r': 1627830396807,
  't': 1627830396800,
  'x': 1}]
Recivin messages
[{'a': [[0.2099, 57617.3],
        [0.21, 167494.8],
        [0.2101, 165317.9],
        [0.2102, 209030.8],
        [0.2103, 231688.9],
        [0.2104, 137008.3],
        [0.2105, 156687.2],
        [0.2106, 15275.8],
        [0.2107, 52587.2],
        [0.2108, 73552.5],
        [0.2109, 217.5],
        [0.211, 87931.3],
        [0.2111, 818739.8],
        [0.2112, 61122.5],
        [0.2113, 11977.7],
        [0.2114, 340033.7],
        [0.2115, 13832.4],
        [0.2116, 28543.4],
        [0.2117, 160.7],
        [0.2118, 5],
        [0.2119, 24106.1],
        [0.212, 30959.1],
        [0.2121, 74120.2],
        [0.2122, 5],
        [0.2123, 39950.1],
        [0.2124, 106.4],
        [0.2125, 25006],
        [0.2126, 27947],
        [0.2127, 314.6],
        [0.2128, 48268.1],
        [0.2129, 13080.9],
        [0.213, 672.3],
        [0.2131, 250],
        [0.2132, 105],
        [0.2133, 14096],
        [0.2134, 380.7],
        [0.2135, 3837.7],
        [0.2136, 108.1],
        [0.2137, 2609.8],
        [0.2138, 653.5],
        [0.2139, 366.1],
        [0.214, 15893.6],
        [0.2141, 100006],
        [0.2142, 2233.8],
        [0.2143, 82.8],
        [0.2144, 6334.7],
        [0.2145, 112.8],
        [0.2146, 148],
        [0.2147, 311.7],
        [0.2148, 707.4],
        [0.2149, 71897.1],
        [0.215, 551959.5],
        [0.2151, 100031.2],
        [0.2152, 303.4],
        [0.2153, 14304],
        [0.2154, 30680.7],
        [0.2155, 12965.6],
        [0.2156, 12157.3],
        [0.2157, 669.9],
        [0.2158, 3560.8],
        [0.2159, 15097.6],
        [0.216, 165.3],
        [0.2161, 479.8],
        [0.2162, 627.6],
        [0.2163, 105],
        [0.2164, 285.4],
        [0.2165, 26192.6],
        [0.2166, 98286.5],
        [0.2167, 308.8],
        [0.2168, 4851.9],
        [0.2169, 1174.6],
        [0.217, 144330.4],
        [0.2171, 14617.3],
        [0.2172, 378],
        [0.2173, 3685],
        [0.2174, 480.6],
        [0.2175, 4080.5],
        [0.2176, 78.5],
        [0.2177, 4724.4],
        [0.2178, 13553.3],
        [0.2179, 426.3],
        [0.218, 239164.7],
        [0.2181, 90.7],
        [0.2182, 16416.4],
        [0.2183, 438.2],
        [0.2184, 392.1],
        [0.2185, 2588.3],
        [0.2186, 144.9],
        [0.2187, 1585.4],
        [0.2188, 4100.6],
        [0.2189, 99156.7],
        [0.219, 698773.3],
        [0.2191, 631558.1],
        [0.2192, 2540.7],
        [0.2193, 45],
        [0.2194, 2345],
        [0.2195, 1066.4],
        [0.2196, 480.4],
        [0.2197, 1308],
        [0.2198, 4264.4]],
  'b': [[0.2098, 67974.5],
        [0.2097, 122449.8],
        [0.2096, 277559.2],
        [0.2095, 234032.8],
        [0.2094, 324122],
        [0.2093, 98008.6],
        [0.2092, 87969.3],
        [0.2091, 159481.9],
        [0.209, 56361.4],
        [0.2089, 30608.4],
        [0.2088, 583172.2],
        [0.2087, 340.5],
        [0.2086, 259925.2],
        [0.2085, 27235.7],
        [0.2084, 10444.8],
        [0.2083, 558.6],
        [0.2082, 28930.2],
        [0.2081, 12012.8],
        [0.208, 511137.5],
        [0.2079, 1341297.8],
        [0.2078, 103339.8],
        [0.2077, 37168.4],
        [0.2076, 2268.7],
        [0.2075, 367975.4],
        [0.2074, 124.9],
        [0.2073, 36393.2],
        [0.2072, 2156.4],
        [0.2071, 16985],
        [0.207, 212681.7],
        [0.2069, 69392.6],
        [0.2068, 5871.8],
        [0.2067, 1269.3],
        [0.2066, 3872.2],
        [0.2065, 7525.2],
        [0.2064, 34.5],
        [0.2063, 12462.6],
        [0.2062, 507.7],
        [0.2061, 4081.4],
        [0.206, 184263.4],
        [0.2059, 32391],
        [0.2058, 108515.4],
        [0.2057, 15189],
        [0.2056, 1180.2],
        [0.2055, 50657.2],
        [0.2054, 1548.1],
        [0.2053, 470.6],
        [0.2052, 15386.4],
        [0.2051, 52857.5],
        [0.205, 225542.4],
        [0.2049, 24778.4],
        [0.2048, 7006.1],
        [0.2047, 4010.7],
        [0.2046, 5420.8],
        [0.2045, 2735.1],
        [0.2044, 1744],
        [0.2043, 1915.9],
        [0.2042, 10324.5],
        [0.2041, 575.5],
        [0.204, 1675],
        [0.2039, 1694.1],
        [0.2038, 259928.3],
        [0.2037, 480.7],
        [0.2036, 2646.6],
        [0.2035, 26593.8],
        [0.2034, 2245],
        [0.2033, 69553.7],
        [0.2032, 1805.6],
        [0.2031, 2000],
        [0.203, 1662.9],
        [0.2029, 233.9],
        [0.2028, 100.3],
        [0.2027, 199.3],
        [0.2026, 320.3],
        [0.2025, 676.7],
        [0.2023, 229.2],
        [0.2022, 1392.6],
        [0.2021, 226.2],
        [0.202, 19506.3],
        [0.2019, 347.3],
        [0.2018, 1697.6],
        [0.2017, 350.1],
        [0.2016, 9933.7],
        [0.2015, 5545.8],
        [0.2014, 328.1],
        [0.2013, 150.2],
        [0.2012, 1015.8],
        [0.2011, 4750],
        [0.201, 23877.5],
        [0.2009, 65.5],
        [0.2008, 20503.2],
        [0.2007, 561.1],
        [0.2006, 70.1],
        [0.2005, 1997.7],
        [0.2004, 1621.3],
        [0.2003, 47151],
        [0.2002, 50248.2],
        [0.2001, 881.4],
        [0.2, 1671399.5],
        [0.1999, 26062.8],
        [0.1998, 257.4]],
  'ev': 'XL2',
  'pair': 'DOGE-USD',
  'r': 1627830396807,
  't': 1627830396801,
  'x': 1}]
Recivin messages
[{'a': [[0.2099, 57617.3],
        [0.21, 167494.8],
        [0.2101, 165317.9],
        [0.2102, 209030.8],
        [0.2103, 231688.9],
        [0.2104, 137008.3],
        [0.2105, 156687.2],
        [0.2106, 15275.8],
        [0.2107, 52587.2],
        [0.2108, 73552.5],
        [0.2109, 217.5],
        [0.211, 87931.3],
        [0.2111, 818739.8],
        [0.2112, 61122.5],
        [0.2113, 11977.7],
        [0.2114, 340033.7],
        [0.2115, 13832.4],
        [0.2116, 28543.4],
        [0.2117, 160.7],
        [0.2118, 5],
        [0.2119, 24106.1],
        [0.212, 30959.1],
        [0.2121, 74120.2],
        [0.2122, 5],
        [0.2123, 39950.1],
        [0.2124, 106.4],
        [0.2125, 25006],
        [0.2126, 27947],
        [0.2127, 314.6],
        [0.2128, 48268.1],
        [0.2129, 13080.9],
        [0.213, 672.3],
        [0.2131, 250],
        [0.2132, 105],
        [0.2133, 14096],
        [0.2134, 380.7],
        [0.2135, 3837.7],
        [0.2136, 108.1],
        [0.2137, 2609.8],
        [0.2138, 653.5],
        [0.2139, 366.1],
        [0.214, 15893.6],
        [0.2141, 100006],
        [0.2142, 2233.8],
        [0.2143, 82.8],
        [0.2144, 6334.7],
        [0.2145, 112.8],
        [0.2146, 148],
        [0.2147, 311.7],
        [0.2148, 707.4],
        [0.2149, 71897.1],
        [0.215, 551959.5],
        [0.2151, 100031.2],
        [0.2152, 303.4],
        [0.2153, 14304],
        [0.2154, 30680.7],
        [0.2155, 12965.6],
        [0.2156, 12157.3],
        [0.2157, 669.9],
        [0.2158, 3560.8],
        [0.2159, 15097.6],
        [0.216, 165.3],
        [0.2161, 479.8],
        [0.2162, 627.6],
        [0.2163, 105],
        [0.2164, 285.4],
        [0.2165, 26192.6],
        [0.2166, 98286.5],
        [0.2167, 308.8],
        [0.2168, 4851.9],
        [0.2169, 1174.6],
        [0.217, 144330.4],
        [0.2171, 14617.3],
        [0.2172, 378],
        [0.2173, 3685],
        [0.2174, 480.6],
        [0.2175, 4080.5],
        [0.2176, 78.5],
        [0.2177, 4724.4],
        [0.2178, 13553.3],
        [0.2179, 426.3],
        [0.218, 239164.7],
        [0.2181, 90.7],
        [0.2182, 16416.4],
        [0.2183, 438.2],
        [0.2184, 392.1],
        [0.2185, 2588.3],
        [0.2186, 144.9],
        [0.2187, 1585.4],
        [0.2188, 4100.6],
        [0.2189, 99156.7],
        [0.219, 698773.3],
        [0.2191, 631558.1],
        [0.2192, 2540.7],
        [0.2193, 45],
        [0.2194, 2345],
        [0.2195, 1066.4],
        [0.2196, 480.4],
        [0.2197, 1308],
        [0.2198, 4264.4]],
  'b': [[0.2098, 82280.7],
        [0.2097, 122449.8],
        [0.2096, 277559.2],
        [0.2095, 234032.8],
        [0.2094, 324122],
        [0.2093, 98008.6],
        [0.2092, 87969.3],
        [0.2091, 159481.9],
        [0.209, 56361.4],
        [0.2089, 30608.4],
        [0.2088, 583172.2],
        [0.2087, 340.5],
        [0.2086, 259925.2],
        [0.2085, 27235.7],
        [0.2084, 10444.8],
        [0.2083, 558.6],
        [0.2082, 28930.2],
        [0.2081, 12012.8],
        [0.208, 511137.5],
        [0.2079, 1341297.8],
        [0.2078, 103339.8],
        [0.2077, 37168.4],
        [0.2076, 2268.7],
        [0.2075, 367975.4],
        [0.2074, 124.9],
        [0.2073, 36393.2],
        [0.2072, 2156.4],
        [0.2071, 16985],
        [0.207, 212681.7],
        [0.2069, 69392.6],
        [0.2068, 5871.8],
        [0.2067, 1269.3],
        [0.2066, 3872.2],
        [0.2065, 7525.2],
        [0.2064, 34.5],
        [0.2063, 12462.6],
        [0.2062, 507.7],
        [0.2061, 4081.4],
        [0.206, 184263.4],
        [0.2059, 32391],
        [0.2058, 108515.4],
        [0.2057, 15189],
        [0.2056, 1180.2],
        [0.2055, 50657.2],
        [0.2054, 1548.1],
        [0.2053, 470.6],
        [0.2052, 15386.4],
        [0.2051, 52857.5],
        [0.205, 225542.4],
        [0.2049, 24778.4],
        [0.2048, 7006.1],
        [0.2047, 4010.7],
        [0.2046, 5420.8],
        [0.2045, 2735.1],
        [0.2044, 1744],
        [0.2043, 1915.9],
        [0.2042, 10324.5],
        [0.2041, 575.5],
        [0.204, 1675],
        [0.2039, 1694.1],
        [0.2038, 259928.3],
        [0.2037, 480.7],
        [0.2036, 2646.6],
        [0.2035, 26593.8],
        [0.2034, 2245],
        [0.2033, 69553.7],
        [0.2032, 1805.6],
        [0.2031, 2000],
        [0.203, 1662.9],
        [0.2029, 233.9],
        [0.2028, 100.3],
        [0.2027, 199.3],
        [0.2026, 320.3],
        [0.2025, 676.7],
        [0.2023, 229.2],
        [0.2022, 1392.6],
        [0.2021, 226.2],
        [0.202, 19506.3],
        [0.2019, 347.3],
        [0.2018, 1697.6],
        [0.2017, 350.1],
        [0.2016, 9933.7],
        [0.2015, 5545.8],
        [0.2014, 328.1],
        [0.2013, 150.2],
        [0.2012, 1015.8],
        [0.2011, 4750],
        [0.201, 23877.5],
        [0.2009, 65.5],
        [0.2008, 20503.2],
        [0.2007, 561.1],
        [0.2006, 70.1],
        [0.2005, 1997.7],
        [0.2004, 1621.3],
        [0.2003, 47151],
        [0.2002, 50248.2],
        [0.2001, 881.4],
        [0.2, 1671399.5],
        [0.1999, 26062.8],
        [0.1998, 257.4]],
  'ev': 'XL2',
  'pair': 'DOGE-USD',
  'r': 1627830396836,
  't': 1627830396828,
  'x': 1}]
Recivin messages
[{'a': [[0.2099, 57617.3],
        [0.21, 167494.8],
        [0.2101, 165317.9],
        [0.2102, 209030.8],
        [0.2103, 231688.9],
        [0.2104, 137008.3],
        [0.2105, 156687.2],
        [0.2106, 15275.8],
        [0.2107, 52587.2],
        [0.2108, 73552.5],
        [0.2109, 217.5],
        [0.211, 87931.3],
        [0.2111, 818739.8],
        [0.2112, 61122.5],
        [0.2113, 11977.7],
        [0.2114, 340033.7],
        [0.2115, 13832.4],
        [0.2116, 28543.4],
        [0.2117, 160.7],
        [0.2118, 5],
        [0.2119, 24106.1],
        [0.212, 30959.1],
        [0.2121, 74120.2],
        [0.2122, 5],
        [0.2123, 39950.1],
        [0.2124, 106.4],
        [0.2125, 25006],
        [0.2126, 27947],
        [0.2127, 314.6],
        [0.2128, 48268.1],
        [0.2129, 13080.9],
        [0.213, 672.3],
        [0.2131, 250],
        [0.2132, 105],
        [0.2133, 14096],
        [0.2134, 380.7],
        [0.2135, 3837.7],
        [0.2136, 108.1],
        [0.2137, 2609.8],
        [0.2138, 653.5],
        [0.2139, 366.1],
        [0.214, 15893.6],
        [0.2141, 100006],
        [0.2142, 2233.8],
        [0.2143, 82.8],
        [0.2144, 6334.7],
        [0.2145, 112.8],
        [0.2146, 148],
        [0.2147, 311.7],
        [0.2148, 707.4],
        [0.2149, 71897.1],
        [0.215, 551959.5],
        [0.2151, 100031.2],
        [0.2152, 303.4],
        [0.2153, 14304],
        [0.2154, 30680.7],
        [0.2155, 12965.6],
        [0.2156, 12157.3],
        [0.2157, 669.9],
        [0.2158, 3560.8],
        [0.2159, 15097.6],
        [0.216, 165.3],
        [0.2161, 479.8],
        [0.2162, 627.6],
        [0.2163, 105],
        [0.2164, 285.4],
        [0.2165, 26192.6],
        [0.2166, 98286.5],
        [0.2167, 308.8],
        [0.2168, 4851.9],
        [0.2169, 1174.6],
        [0.217, 144330.4],
        [0.2171, 14617.3],
        [0.2172, 378],
        [0.2173, 3685],
        [0.2174, 480.6],
        [0.2175, 4080.5],
        [0.2176, 78.5],
        [0.2177, 4724.4],
        [0.2178, 13553.3],
        [0.2179, 426.3],
        [0.218, 239164.7],
        [0.2181, 90.7],
        [0.2182, 16416.4],
        [0.2183, 438.2],
        [0.2184, 392.1],
        [0.2185, 2588.3],
        [0.2186, 144.9],
        [0.2187, 1585.4],
        [0.2188, 4100.6],
        [0.2189, 99156.7],
        [0.219, 698773.3],
        [0.2191, 631558.1],
        [0.2192, 2540.7],
        [0.2193, 45],
        [0.2194, 2345],
        [0.2195, 1066.4],
        [0.2196, 480.4],
        [0.2197, 1308],
        [0.2198, 4264.4]],
  'b': [[0.2098, 67974.5],
        [0.2097, 122449.8],
        [0.2096, 277559.2],
        [0.2095, 234032.8],
        [0.2094, 324122],
        [0.2093, 98008.6],
        [0.2092, 87969.3],
        [0.2091, 159481.9],
        [0.209, 56361.4],
        [0.2089, 30608.4],
        [0.2088, 583172.2],
        [0.2087, 340.5],
        [0.2086, 259925.2],
        [0.2085, 27235.7],
        [0.2084, 10444.8],
        [0.2083, 558.6],
        [0.2082, 28930.2],
        [0.2081, 12012.8],
        [0.208, 511137.5],
        [0.2079, 1341297.8],
        [0.2078, 103339.8],
        [0.2077, 37168.4],
        [0.2076, 2268.7],
        [0.2075, 367975.4],
        [0.2074, 124.9],
        [0.2073, 36393.2],
        [0.2072, 2156.4],
        [0.2071, 16985],
        [0.207, 212681.7],
        [0.2069, 69392.6],
        [0.2068, 5871.8],
        [0.2067, 1269.3],
        [0.2066, 3872.2],
        [0.2065, 7525.2],
        [0.2064, 34.5],
        [0.2063, 12462.6],
        [0.2062, 507.7],
        [0.2061, 4081.4],
        [0.206, 184263.4],
        [0.2059, 32391],
        [0.2058, 108515.4],
        [0.2057, 15189],
        [0.2056, 1180.2],
        [0.2055, 50657.2],
        [0.2054, 1548.1],
        [0.2053, 470.6],
        [0.2052, 15386.4],
        [0.2051, 52857.5],
        [0.205, 225542.4],
        [0.2049, 24778.4],
        [0.2048, 7006.1],
        [0.2047, 4010.7],
        [0.2046, 5420.8],
        [0.2045, 2735.1],
        [0.2044, 1744],
        [0.2043, 1915.9],
        [0.2042, 10324.5],
        [0.2041, 575.5],
        [0.204, 1675],
        [0.2039, 1694.1],
        [0.2038, 259928.3],
        [0.2037, 480.7],
        [0.2036, 2646.6],
        [0.2035, 26593.8],
        [0.2034, 2245],
        [0.2033, 69553.7],
        [0.2032, 1805.6],
        [0.2031, 2000],
        [0.203, 1662.9],
        [0.2029, 233.9],
        [0.2028, 100.3],
        [0.2027, 199.3],
        [0.2026, 320.3],
        [0.2025, 676.7],
        [0.2023, 229.2],
        [0.2022, 1392.6],
        [0.2021, 226.2],
        [0.202, 19506.3],
        [0.2019, 347.3],
        [0.2018, 1697.6],
        [0.2017, 350.1],
        [0.2016, 9933.7],
        [0.2015, 5545.8],
        [0.2014, 328.1],
        [0.2013, 150.2],
        [0.2012, 1015.8],
        [0.2011, 4750],
        [0.201, 23877.5],
        [0.2009, 65.5],
        [0.2008, 20503.2],
        [0.2007, 561.1],
        [0.2006, 70.1],
        [0.2005, 1997.7],
        [0.2004, 1621.3],
        [0.2003, 47151],
        [0.2002, 50248.2],
        [0.2001, 881.4],
        [0.2, 1671399.5],
        [0.1999, 26062.8],
        [0.1998, 257.4]],
  'ev': 'XL2',
  'pair': 'DOGE-USD',
  'r': 1627830396839,
  't': 1627830396833,
  'x': 1}]
Recivin messages
[{'a': [[0.2099, 57617.3],
        [0.21, 167494.8],
        [0.2101, 165317.9],
        [0.2102, 209030.8],
        [0.2103, 231688.9],
        [0.2104, 137008.3],
        [0.2105, 156687.2],
        [0.2106, 15275.8],
        [0.2107, 52587.2],
        [0.2108, 73552.5],
        [0.2109, 217.5],
        [0.211, 87931.3],
        [0.2111, 818739.8],
        [0.2112, 61122.5],
        [0.2113, 11977.7],
        [0.2114, 340033.7],
        [0.2115, 13832.4],
        [0.2116, 28543.4],
        [0.2117, 160.7],
        [0.2118, 5],
        [0.2119, 24106.1],
        [0.212, 30959.1],
        [0.2121, 74120.2],
        [0.2122, 5],
        [0.2123, 39950.1],
        [0.2124, 106.4],
        [0.2125, 25006],
        [0.2126, 27947],
        [0.2127, 314.6],
        [0.2128, 48268.1],
        [0.2129, 13080.9],
        [0.213, 672.3],
        [0.2131, 250],
        [0.2132, 105],
        [0.2133, 14096],
        [0.2134, 380.7],
        [0.2135, 3837.7],
        [0.2136, 108.1],
        [0.2137, 2609.8],
        [0.2138, 653.5],
        [0.2139, 366.1],
        [0.214, 15893.6],
        [0.2141, 100006],
        [0.2142, 2233.8],
        [0.2143, 82.8],
        [0.2144, 6334.7],
        [0.2145, 112.8],
        [0.2146, 148],
        [0.2147, 311.7],
        [0.2148, 707.4],
        [0.2149, 71897.1],
        [0.215, 551959.5],
        [0.2151, 100031.2],
        [0.2152, 303.4],
        [0.2153, 14304],
        [0.2154, 30680.7],
        [0.2155, 12965.6],
        [0.2156, 12157.3],
        [0.2157, 669.9],
        [0.2158, 3560.8],
        [0.2159, 15097.6],
        [0.216, 165.3],
        [0.2161, 479.8],
        [0.2162, 627.6],
        [0.2163, 105],
        [0.2164, 285.4],
        [0.2165, 26192.6],
        [0.2166, 98286.5],
        [0.2167, 308.8],
        [0.2168, 4851.9],
        [0.2169, 1174.6],
        [0.217, 144330.4],
        [0.2171, 14617.3],
        [0.2172, 378],
        [0.2173, 3685],
        [0.2174, 480.6],
        [0.2175, 4080.5],
        [0.2176, 78.5],
        [0.2177, 4724.4],
        [0.2178, 13553.3],
        [0.2179, 426.3],
        [0.218, 239164.7],
        [0.2181, 90.7],
        [0.2182, 16416.4],
        [0.2183, 438.2],
        [0.2184, 392.1],
        [0.2185, 2588.3],
        [0.2186, 144.9],
        [0.2187, 1585.4],
        [0.2188, 4100.6],
        [0.2189, 99156.7],
        [0.219, 698773.3],
        [0.2191, 631558.1],
        [0.2192, 2540.7],
        [0.2193, 45],
        [0.2194, 2345],
        [0.2195, 1066.4],
        [0.2196, 480.4],
        [0.2197, 1308],
        [0.2198, 4264.4]],
  'b': [[0.2098, 57974.5],
        [0.2097, 122449.8],
        [0.2096, 277559.2],
        [0.2095, 234032.8],
        [0.2094, 324122],
        [0.2093, 98008.6],
        [0.2092, 87969.3],
        [0.2091, 159481.9],
        [0.209, 56361.4],
        [0.2089, 30608.4],
        [0.2088, 583172.2],
        [0.2087, 340.5],
        [0.2086, 259925.2],
        [0.2085, 27235.7],
        [0.2084, 10444.8],
        [0.2083, 558.6],
        [0.2082, 28930.2],
        [0.2081, 12012.8],
        [0.208, 511137.5],
        [0.2079, 1341297.8],
        [0.2078, 103339.8],
        [0.2077, 37168.4],
        [0.2076, 2268.7],
        [0.2075, 367975.4],
        [0.2074, 124.9],
        [0.2073, 36393.2],
        [0.2072, 2156.4],
        [0.2071, 16985],
        [0.207, 212681.7],
        [0.2069, 69392.6],
        [0.2068, 5871.8],
        [0.2067, 1269.3],
        [0.2066, 3872.2],
        [0.2065, 7525.2],
        [0.2064, 34.5],
        [0.2063, 12462.6],
        [0.2062, 507.7],
        [0.2061, 4081.4],
        [0.206, 184263.4],
        [0.2059, 32391],
        [0.2058, 108515.4],
        [0.2057, 15189],
        [0.2056, 1180.2],
        [0.2055, 50657.2],
        [0.2054, 1548.1],
        [0.2053, 470.6],
        [0.2052, 15386.4],
        [0.2051, 52857.5],
        [0.205, 225542.4],
        [0.2049, 24778.4],
        [0.2048, 7006.1],
        [0.2047, 4010.7],
        [0.2046, 5420.8],
        [0.2045, 2735.1],
        [0.2044, 1744],
        [0.2043, 1915.9],
        [0.2042, 10324.5],
        [0.2041, 575.5],
        [0.204, 1675],
        [0.2039, 1694.1],
        [0.2038, 259928.3],
        [0.2037, 480.7],
        [0.2036, 2646.6],
        [0.2035, 26593.8],
        [0.2034, 2245],
        [0.2033, 69553.7],
        [0.2032, 1805.6],
        [0.2031, 2000],
        [0.203, 1662.9],
        [0.2029, 233.9],
        [0.2028, 100.3],
